LU_ID;Land-Use;Sub Crop;Years Applicable;Frequency;Time - Cost Type ;Action - Cost Type;Cost Name; Source 1 Value ; Dependent Variable ; Source 1 Context and/ or Calculations ;Source 1 Citation;Description
1;Conventional Corn;Corn after Soybean;1;Annual;Preharvest;Machinery;Tandem disk - FIXED;$4.70 ; n/a ;;https://www.extension.iastate.edu/agdm/crops/html/a1-20.html;1
1;Conventional Corn;Corn after Soybean;1;Annual;Preharvest;Machinery;Tandem disk - VARIABLE;$3.50 ; n/a ;;https://www.extension.iastate.edu/agdm/crops/html/a1-20.html;2
1;Conventional Corn;Corn after Soybean;1;Annual;Preharvest;Machinery;Apply nitrogen - FIXED;$4.40 ; n/a ;;https://www.extension.iastate.edu/agdm/crops/html/a1-20.html;3
1;Conventional Corn;Corn after Soybean;1;Annual;Preharvest;Machinery;Apply nitrogen - VARIABLE;$4.50 ; n/a ;;https://www.extension.iastate.edu/agdm/crops/html/a1-20.html;4
1;Conventional Corn;Corn after Soybean;1;Annual;Preharvest;Machinery;Field cultivate - FIXED;$2.70 ; n/a ;;https://www.extension.iastate.edu/agdm/crops/html/a1-20.html;5
1;Conventional Corn;Corn after Soybean;1;Annual;Preharvest;Machinery;Field cultivate - VARIABLE;$2.80 ; n/a ;;https://www.extension.iastate.edu/agdm/crops/html/a1-20.html;6
1;Conventional Corn;Corn after Soybean;1;Annual;Preharvest;Machinery;Plant - FIXED;$5.90 ; n/a ;;https://www.extension.iastate.edu/agdm/crops/html/a1-20.html;7
1;Conventional Corn;Corn after Soybean;1;Annual;Preharvest;Machinery;Plant - VARIABLE;$4.90 ; n/a ;;https://www.extension.iastate.edu/agdm/crops/html/a1-20.html;8
1;Conventional Corn;Corn after Soybean;1;Annual;Preharvest;Machinery;Spray - FIXED;$2.20 ; n/a ;;https://www.extension.iastate.edu/agdm/crops/html/a1-20.html;9
1;Conventional Corn;Corn after Soybean;1;Annual;Preharvest;Machinery;Spray - VARIABLE;$2.00 ; n/a ;;https://www.extension.iastate.edu/agdm/crops/html/a1-20.html;10
1;Conventional Corn;Corn after Soybean;1;Annual;Preharvest;Inputs;Seed - Inputs;$97.90 ; planting rate, seed price ;$3.2632/1000 kernels * 30,000 kernels/acre;https://www.extension.iastate.edu/agdm/crops/html/a1-20.html;11
1;Conventional Corn;Corn after Soybean;1;Annual;Preharvest;Inputs;Nitrogen - Inputs;$39.30 ; nitrogen price ;$0.30/lb * 131 lbs/acre;https://www.extension.iastate.edu/agdm/crops/html/a1-20.html;12
1;Conventional Corn;Corn after Soybean;1;Annual;Preharvest;Inputs;Phosphate - Inputs;$26.52 ; phosphate price ;$0.39/lb * 68 lbs/acre;https://www.extension.iastate.edu/agdm/crops/html/a1-20.html;13
1;Conventional Corn;Corn after Soybean;1;Annual;Preharvest;Inputs;Potash - Inputs;$14.58 ; potash price ;$0.27/lb * 54 lbs/acre;https://www.extension.iastate.edu/agdm/crops/html/a1-20.html;14
1;Conventional Corn;Corn after Soybean;1;Annual;Preharvest;Inputs;Lime - Inputs;$4.90 ; lime price ;;https://www.extension.iastate.edu/agdm/crops/html/a1-20.html;15
1;Conventional Corn;Corn after Soybean;1;Annual;Preharvest;Inputs;Herbicide - Inputs;$28.00 ; herbicide price ;;https://www.extension.iastate.edu/agdm/crops/html/a1-20.html;16
1;Conventional Corn;Corn after Soybean;1;Annual;Constant;Other;Crop Insurance;$11.00 ; n/a ;;https://www.extension.iastate.edu/agdm/crops/html/a1-20.html;17
1;Conventional Corn;Corn after Soybean;1;Annual;Constant;Other;Miscellaneous;$10.00 ; n/a ;;https://www.extension.iastate.edu/agdm/crops/html/a1-20.html;18
1;Conventional Corn;Corn after Soybean;1;Annual;Constant;Other;Interest on preharvest variable costs;$9.66 ; amount self-financed, credit line ;5.5% for 8 months;https://www.extension.iastate.edu/agdm/crops/html/a1-20.html;19
1;Conventional Corn;Corn after Soybean;1;Annual;Harvest;Machinery;Combine - Equipment - FIXED;$13.30 ; n/a ;;https://www.extension.iastate.edu/agdm/crops/html/a1-20.html;20
1;Conventional Corn;Corn after Soybean;1;Annual;Harvest;Machinery;Combine - Equipment - VARIABLE;$6.90 ; n/a ;;https://www.extension.iastate.edu/agdm/crops/html/a1-20.html;21
1;Conventional Corn;Corn after Soybean;1;Annual;Harvest;Machinery;Grain Cart - Equipment - FIXED;$6.30 ; n/a ;;https://www.extension.iastate.edu/agdm/crops/html/a1-20.html;22
1;Conventional Corn;Corn after Soybean;1;Annual;Harvest;Machinery;Grain Cart - Equipment - VARIABLE;$3.10 ; n/a ;;https://www.extension.iastate.edu/agdm/crops/html/a1-20.html;23
1;Conventional Corn;Corn after Soybean;1;Annual;Harvest;Machinery;Haul - Equipment - FIXED per bushel;$7.94 ; yield ;$0.0441/bushel * 180 bushels/acre;https://www.extension.iastate.edu/agdm/crops/html/a1-20.html;24
1;Conventional Corn;Corn after Soybean;1;Annual;Harvest;Machinery;Haul - Equipment - VARIABLE per bushel;$7.07 ; yield ;$0.03925/bushel * 180 bushels/acre;https://www.extension.iastate.edu/agdm/crops/html/a1-20.html;25
1;Conventional Corn;Corn after Soybean;1;Annual;Harvest;Machinery;Drying - Equipment - FIXED per bushel;$9.00 ; yield ;$0.05/bushel * 180 bushels/acre;https://www.extension.iastate.edu/agdm/crops/html/a1-20.html;26
1;Conventional Corn;Corn after Soybean;1;Annual;Harvest;Machinery;Drying - Equipment - VARIABLE per bushel;$32.40 ; yield ;$0.18/bushel * 180 bushels/acre;https://www.extension.iastate.edu/agdm/crops/html/a1-20.html;27
1;Conventional Corn;Corn after Soybean;1;Annual;Harvest;Machinery;Handling - Equipment - FIXED per bushel;$3.20 ; yield ;$0.0178/bushel * 180 bushels/acre;https://www.extension.iastate.edu/agdm/crops/html/a1-20.html;28
1;Conventional Corn;Corn after Soybean;1;Annual;Harvest;Machinery;Handling - Equipment - VARIABLE per bushel;$3.65 ; yield ;$0.0203/bushel * 180 bushels/acre;https://www.extension.iastate.edu/agdm/crops/html/a1-20.html;29
1;Conventional Corn;Corn after Soybean;1;Annual;Constant;Labor;Labor - Operator;$35.70 ; labor wage ;2.55 hrs/acre * $14/hr;https://www.extension.iastate.edu/agdm/crops/html/a1-20.html;30
1;Conventional Corn;Corn after Soybean;1;Annual;Constant;Rent;Cash Rent Equivalent - Land;$219.00 ; rent rate ;$219/acre;https://www.extension.iastate.edu/agdm/crops/html/a1-20.html;31
1;Conventional Corn;Corn after Corn;1;Annual;Preharvest;Machinery;Chisel plow - FIXED;$3.60 ; n/a ;;https://www.extension.iastate.edu/agdm/crops/html/a1-20.html;32
1;Conventional Corn;Corn after Corn;1;Annual;Preharvest;Machinery;Chisel plow - VARIABLE;$4.00 ; n/a ;;https://www.extension.iastate.edu/agdm/crops/html/a1-20.html;33
1;Conventional Corn;Corn after Corn;1;Annual;Preharvest;Machinery;Tandem disk - FIXED;$4.70 ; n/a ;;https://www.extension.iastate.edu/agdm/crops/html/a1-20.html;34
1;Conventional Corn;Corn after Corn;1;Annual;Preharvest;Machinery;Tandem disk - VARIABLE;$3.50 ; n/a ;;https://www.extension.iastate.edu/agdm/crops/html/a1-20.html;35
1;Conventional Corn;Corn after Corn;1;Annual;Preharvest;Machinery;Apply nitrogen - FIXED;$4.40 ; n/a ;;https://www.extension.iastate.edu/agdm/crops/html/a1-20.html;36
1;Conventional Corn;Corn after Corn;1;Annual;Preharvest;Machinery;Apply nitrogen - VARIABLE;$4.50 ; n/a ;;https://www.extension.iastate.edu/agdm/crops/html/a1-20.html;37
1;Conventional Corn;Corn after Corn;1;Annual;Preharvest;Machinery;Field cultivate - FIXED;$2.70 ; n/a ;;https://www.extension.iastate.edu/agdm/crops/html/a1-20.html;38
1;Conventional Corn;Corn after Corn;1;Annual;Preharvest;Machinery;Field cultivate - VARIABLE;$2.80 ; n/a ;;https://www.extension.iastate.edu/agdm/crops/html/a1-20.html;39
1;Conventional Corn;Corn after Corn;1;Annual;Preharvest;Machinery;Plant - FIXED;$5.90 ; n/a ;;https://www.extension.iastate.edu/agdm/crops/html/a1-20.html;40
1;Conventional Corn;Corn after Corn;1;Annual;Preharvest;Machinery;Plant - VARIABLE;$4.90 ; n/a ;;https://www.extension.iastate.edu/agdm/crops/html/a1-20.html;41
1;Conventional Corn;Corn after Corn;1;Annual;Preharvest;Machinery;Spray - FIXED;$2.20 ; n/a ;;https://www.extension.iastate.edu/agdm/crops/html/a1-20.html;42
1;Conventional Corn;Corn after Corn;1;Annual;Preharvest;Machinery;Spray - VARIABLE;$2.00 ; n/a ;;https://www.extension.iastate.edu/agdm/crops/html/a1-20.html;43
1;Conventional Corn;Corn after Corn;1;Annual;Preharvest;Inputs;Seed - Inputs;$97.90 ; seeding rate, seed price ;$3.2632/1000 kernels * 30,000 kernels/acre;https://www.extension.iastate.edu/agdm/crops/html/a1-20.html;44
1;Conventional Corn;Corn after Corn;1;Annual;Preharvest;Inputs;Nitrogen - Inputs;$55.80 ; application rate, nitrogen price ;$0.3/lb * 186 lbs/acre;https://www.extension.iastate.edu/agdm/crops/html/a1-20.html;45
1;Conventional Corn;Corn after Corn;1;Annual;Preharvest;Inputs;Phosphate - Inputs;$24.18 ; application rate, phosphate price ;$0.39/lb * 62 lbs/acre;https://www.extension.iastate.edu/agdm/crops/html/a1-20.html;46
1;Conventional Corn;Corn after Corn;1;Annual;Preharvest;Inputs;Potash - Inputs;$13.50 ; application rate, potash price ;$0.27/lb * 50 lbs/acre;https://www.extension.iastate.edu/agdm/crops/html/a1-20.html;47
1;Conventional Corn;Corn after Corn;1;Annual;Preharvest;Inputs;Lime - Inputs;$4.90 ; application rate, lime price ;;https://www.extension.iastate.edu/agdm/crops/html/a1-20.html;48
1;Conventional Corn;Corn after Corn;1;Annual;Preharvest;Inputs;Herbicide - Inputs;$28.00 ; application rate, herbicide price ;;https://www.extension.iastate.edu/agdm/crops/html/a1-20.html;49
1;Conventional Corn;Corn after Corn;1;Annual;Preharvest;Inputs;Insecticide;$23.30 ; application rate, insecticide price ;;https://www.extension.iastate.edu/agdm/crops/html/a1-20.html;50
1;Conventional Corn;Corn after Corn;1;Annual;Constant;Other;Crop Insurance;$11.00 ; n/a ;;https://www.extension.iastate.edu/agdm/crops/html/a1-20.html;51
1;Conventional Corn;Corn after Corn;1;Annual;Constant;Other;Miscellaneous;$10.00 ; n/a ;;https://www.extension.iastate.edu/agdm/crops/html/a1-20.html;52
1;Conventional Corn;Corn after Corn;1;Annual;Constant;Other;Interest on preharvest variable costs;$11.22 ; amount self-financed, credit line ;5.5% for 8 months;https://www.extension.iastate.edu/agdm/crops/html/a1-20.html;53
1;Conventional Corn;Corn after Corn;1;Annual;Harvest;Machinery;Combine - Equipment - FIXED;$13.30 ; n/a ;;https://www.extension.iastate.edu/agdm/crops/html/a1-20.html;54
1;Conventional Corn;Corn after Corn;1;Annual;Harvest;Machinery;Combine - Equipment - VARIABLE;$6.90 ; n/a ;;https://www.extension.iastate.edu/agdm/crops/html/a1-20.html;55
1;Conventional Corn;Corn after Corn;1;Annual;Harvest;Machinery;Grain Cart - Equipment - FIXED;$6.30 ; n/a ;;https://www.extension.iastate.edu/agdm/crops/html/a1-20.html;56
1;Conventional Corn;Corn after Corn;1;Annual;Harvest;Machinery;Grain Cart - Equipment - VARIABLE;$3.10 ; n/a ;;https://www.extension.iastate.edu/agdm/crops/html/a1-20.html;57
1;Conventional Corn;Corn after Corn;1;Annual;Harvest;Machinery;Haul - Equipment - FIXED per bushel;$7.28 ; yield ;$0.0441/bushel * 165 bushels/acre;https://www.extension.iastate.edu/agdm/crops/html/a1-20.html;58
1;Conventional Corn;Corn after Corn;1;Annual;Harvest;Machinery;Haul - Equipment - VARIABLE per bushel;$6.48 ; yield ;$0.03925/bushel * 165 bushels/acre;https://www.extension.iastate.edu/agdm/crops/html/a1-20.html;59
1;Conventional Corn;Corn after Corn;1;Annual;Harvest;Machinery;Drying - Equipment - FIXED per bushel;$8.25 ; yield ;$0.05/bushel * 165 bushels/acre;https://www.extension.iastate.edu/agdm/crops/html/a1-20.html;60
1;Conventional Corn;Corn after Corn;1;Annual;Harvest;Machinery;Drying - Equipment - VARIABLE per bushel;$29.70 ; yield ;$0.18/bushel * 165 bushels/acre;https://www.extension.iastate.edu/agdm/crops/html/a1-20.html;61
1;Conventional Corn;Corn after Corn;1;Annual;Harvest;Machinery;Handling - Equipment - FIXED per bushel;$2.94 ; yield ;$0.0178/bushel * 165 bushels/acre;https://www.extension.iastate.edu/agdm/crops/html/a1-20.html;62
1;Conventional Corn;Corn after Corn;1;Annual;Harvest;Machinery;Handling - Equipment - VARIABLE per bushel;$3.35 ; yield ;$0.0203/bushel * 165 bushels/acre;https://www.extension.iastate.edu/agdm/crops/html/a1-20.html;63
1;Conventional Corn;Corn after Corn;1;Annual;Constant;Labor;Labor - Operator;$39.20 ; labor wage ;2.8 hrs/acre * $14/hr;https://www.extension.iastate.edu/agdm/crops/html/a1-20.html;64
1;Conventional Corn;Corn after Corn;1;Annual;Constant;Rent;Cash Rent Equivalent - Land;$219.00 ; rent ;$219/acre;https://www.extension.iastate.edu/agdm/crops/html/a1-20.html;65
2;Conservation Corn;Corn after Soybean;1;Annual;Constant;Other;Savings (total no-till savings);$673.91 ; n/a ;ISU professor Mahdi Al-Kaisi cites $25-30/acre savings for corn;Use the SAME budget as conventional tillage, but apply this cost savings (reduces passes from 8 to 5 with no yield penalty, as per article);66
2;Conservation Corn;Corn after Corn;1;Annual;Constant;Other;Savings (total no-till savings);$673.91 ; n/a ;ISU professor Mahdi Al-Kaisi cites $25-30/acre savings for corn;Use the SAME budget as conventional tillage, but apply this cost savings (reduces passes from 8 to 5 with no yield penalty, as per article);67
3;Conventional Soybean;Soybean after Corn;1;Annual;Preharvest;Machinery;Chisel plow - FIXED;$3.60 ; n/a ;;https://www.extension.iastate.edu/agdm/crops/html/a1-20.html;68
3;Conventional Soybean;Soybean after Corn;1;Annual;Preharvest;Machinery;Chisel plow - VARIABLE;$4.00 ; n/a ;;https://www.extension.iastate.edu/agdm/crops/html/a1-20.html;69
3;Conventional Soybean;Soybean after Corn;1;Annual;Preharvest;Machinery;Tandem disk - FIXED;$4.70 ; n/a ;;https://www.extension.iastate.edu/agdm/crops/html/a1-20.html;70
3;Conventional Soybean;Soybean after Corn;1;Annual;Preharvest;Machinery;Tandem disk - VARIABLE;$3.50 ; n/a ;;https://www.extension.iastate.edu/agdm/crops/html/a1-20.html;71
3;Conventional Soybean;Soybean after Corn;1;Annual;Preharvest;Machinery;Field cultivate - FIXED;$2.70 ; n/a ;;;72
3;Conventional Soybean;Soybean after Corn;1;Annual;Preharvest;Machinery;Field cultivate - VARIABLE;$2.80 ; n/a ;;;73
3;Conventional Soybean;Soybean after Corn;1;Annual;Preharvest;Machinery;Plant - FIXED;$5.90 ; n/a ;;;74
3;Conventional Soybean;Soybean after Corn;1;Annual;Preharvest;Machinery;Plant - VARIABLE;$4.90 ; n/a ;;;75
3;Conventional Soybean;Soybean after Corn;1;Annual;Preharvest;Machinery;Spray 1-2 - FIXED;$4.40 ; spray count ;$2.20/spray;;76
3;Conventional Soybean;Soybean after Corn;1;Annual;Preharvest;Machinery;Spray 1-2 - VARIABLE;$4.00 ; spray count ;$2.00/spray;;77
3;Conventional Soybean;Soybean after Corn;1;Annual;Preharvest;Inputs;Seed - Inputs;$52.00 ; planting rate, seed price ;$52.00/unit * 1 unit/acre;https://www.extension.iastate.edu/agdm/crops/html/a1-20.html;78
3;Conventional Soybean;Soybean after Corn;1;Annual;Preharvest;Inputs;Phosphate - Inputs;$15.60 ; application rate, phosphase price ;$0.39/lb * 40 lbs/acre;https://www.extension.iastate.edu/agdm/crops/html/a1-20.html;79
3;Conventional Soybean;Soybean after Corn;1;Annual;Preharvest;Inputs;Potash - Inputs;$20.25 ; application rate, potash price ;$0.27/lb * 75 lbs/acre;https://www.extension.iastate.edu/agdm/crops/html/a1-20.html;80
3;Conventional Soybean;Soybean after Corn;1;Annual;Preharvest;Inputs;Lime - Inputs;$4.90 ; application rate, lime price ;;https://www.extension.iastate.edu/agdm/crops/html/a1-20.html;81
3;Conventional Soybean;Soybean after Corn;1;Annual;Preharvest;Inputs;Herbicide - Inputs;$36.30 ; application rate, herbicide price ;;https://www.extension.iastate.edu/agdm/crops/html/a1-20.html;82
3;Conventional Soybean;Soybean after Corn;1;Annual;Constant;Other;Crop Insurance;$8.90 ; n/a ;;https://www.extension.iastate.edu/agdm/crops/html/a1-20.html;83
3;Conventional Soybean;Soybean after Corn;1;Annual;Constant;Other;Miscellaneous;$10.00 ; n/a ;;https://www.extension.iastate.edu/agdm/crops/html/a1-20.html;84
3;Conventional Soybean;Soybean after Corn;1;Annual;Constant;Other;Interest on preharvest variable costs;$6.46 ; amount self-financed, credit line ;5.5% for 8 months;https://www.extension.iastate.edu/agdm/crops/html/a1-20.html;85
3;Conventional Soybean;Soybean after Corn;1;Annual;Harvest;Machinery;Combine - Equipment - FIXED;$8.50 ; n/a ;;https://www.extension.iastate.edu/agdm/crops/html/a1-20.html;86
3;Conventional Soybean;Soybean after Corn;1;Annual;Harvest;Machinery;Combine - Equipment - VARIABLE;$4.20 ; n/a ;;https://www.extension.iastate.edu/agdm/crops/html/a1-20.html;87
3;Conventional Soybean;Soybean after Corn;1;Annual;Harvest;Machinery;Grain Cart - Equipment - FIXED;$6.30 ; n/a ;;https://www.extension.iastate.edu/agdm/crops/html/a1-20.html;88
3;Conventional Soybean;Soybean after Corn;1;Annual;Harvest;Machinery;Grain Cart - Equipment - VARIABLE;$3.10 ; n/a ;;https://www.extension.iastate.edu/agdm/crops/html/a1-20.html;89
3;Conventional Soybean;Soybean after Corn;1;Annual;Harvest;Machinery;Haul - Equipment - FIXED per bushel;$2.21 ; yield ;$0.0441/bushel * 50 bushels/acre;https://www.extension.iastate.edu/agdm/crops/html/a1-20.html;90
3;Conventional Soybean;Soybean after Corn;1;Annual;Harvest;Machinery;Haul - Equipment - VARIABLE per bushel;$1.96 ; yield ;$0.03925/bushel * 50 bushels/acre;https://www.extension.iastate.edu/agdm/crops/html/a1-20.html;91
3;Conventional Soybean;Soybean after Corn;1;Annual;Harvest;Machinery;Handling - Equipment - FIXED per bushel;$0.89 ; yield ;$0.0178/bushel * 50 bushels/acre;https://www.extension.iastate.edu/agdm/crops/html/a1-20.html;92
3;Conventional Soybean;Soybean after Corn;1;Annual;Harvest;Machinery;Handling - Equipment - VARIABLE per bushel;$1.02 ; yield ;$0.0203/bushel * 50 bushels/acre;https://www.extension.iastate.edu/agdm/crops/html/a1-20.html;93
3;Conventional Soybean;Soybean after Corn;1;Annual;Constant;Labor;Labor - Operator;$30.80 ; labor wage ;$14/hr * 2.2 hrs/acre;https://www.extension.iastate.edu/agdm/crops/html/a1-20.html;94
3;Conventional Soybean;Soybean after Corn;1;Annual;Constant;Rent;Cash Rent Equivalent - Land;$219.00 ; rent ;$219/acre;https://www.extension.iastate.edu/agdm/crops/html/a1-20.html;95
4;Conservation Soybean;Soybean after Corn;1;Annual;Constant;Other;Savings (total no-till savings);$480.89 ; n/a ;ISU professor Mahdi Al-Kaisi cites $18-20/acre savings for soybean;Use the SAME budget as conventional tillage, but apply this cost savings (reduces passes from 8 to 5 with no yield penalty, as per article);96
5;Alfalfa;;1;Year 1, Every 4 years;Establishment;Machinery;Spray Herbicide - FIXED;$2.20 ; n/a ;Ag Decision Maker;http://www.extension.iastate.edu/agdm/decisionaidsall.html;97
5;Alfalfa;;1;Year 1, Every 4 years;Establishment;Machinery;Spray Herbicide - VARIABLE;$2.00 ; n/a ;Ag Decision Maker;http://www.extension.iastate.edu/agdm/decisionaidsall.html;98
5;Alfalfa;;1;Year 1, Every 4 years;Establishment;Machinery;Tandem disk (twice) - FIXED;$9.40 ; n/a ;2 times - Ag Decision Maker;http://www.extension.iastate.edu/agdm/decisionaidsall.html;99
5;Alfalfa;;1;Year 1, Every 4 years;Establishment;Machinery;Tandem disk (twice) - VARIABLE;$7.00 ; n/a ;2 times - Ag Decision Maker;http://www.extension.iastate.edu/agdm/decisionaidsall.html;100
5;Alfalfa;;1;Year 1, Every 4 years;Establishment;Machinery;Spread fertilizer - FIXED;$2.00 ; n/a ;Ag Decision Maker;http://www.extension.iastate.edu/agdm/decisionaidsall.html;101
5;Alfalfa;;1;Year 1, Every 4 years;Establishment;Machinery;Spread fertilizer - VARIABLE;$1.60 ; n/a ;Ag Decision Maker;http://www.extension.iastate.edu/agdm/decisionaidsall.html;102
5;Alfalfa;;1;Year 1, Every 4 years;Establishment;Machinery;Harrow - FIXED;$2.10 ; n/a ;Ag Decision Maker;http://www.extension.iastate.edu/agdm/decisionaidsall.html;103
5;Alfalfa;;1;Year 1, Every 4 years;Establishment;Machinery;Harrow - VARIABLE;$1.50 ; n/a ;Ag Decision Maker;http://www.extension.iastate.edu/agdm/decisionaidsall.html;104
5;Alfalfa;;1;Year 1, Every 4 years;Establishment;Machinery;Seed (drill) - FIXED;$4.60 ; n/a ;Ag Decision Maker;http://www.extension.iastate.edu/agdm/decisionaidsall.html;105
5;Alfalfa;;1;Year 1, Every 4 years;Establishment;Machinery;Seed (drill) - VARIABLE;$4.10 ; n/a ;Ag Decision Maker;http://www.extension.iastate.edu/agdm/decisionaidsall.html;106
5;Alfalfa;;1;Year 1, Every 4 years;Establishment;Inputs;Seed;$72.48 ; application rate, seed price ;Ag Decision Maker, 15 lbs @ $4.832/lb;http://www.extension.iastate.edu/agdm/decisionaidsall.html;107
5;Alfalfa;;1;Year 1, Every 4 years;Establishment;Inputs;Fertilizer - P;$13.53 ; application rate, phosphate price ;Ag Decision Maker, 35 lbs @ $0.3866/lb;http://www.extension.iastate.edu/agdm/decisionaidsall.html;108
5;Alfalfa;;1;Year 1, Every 4 years;Establishment;Inputs;Fertilizer - Potash;$33.95 ; application rate, potash price ;Ag Decision Maker, 125 lbs @ $0.2716/lb;http://www.extension.iastate.edu/agdm/decisionaidsall.html;109
5;Alfalfa;;1;Year 1, Every 4 years;Establishment;Inputs;Herbicide;$13.00 ;application rate, herbicide price;$17 - unless confirmed otherwise, assuming this occurs at every establishment;http://www.extension.iastate.edu/agdm/decisionaidsall.html;110
5;Alfalfa;;1;Year 1, Every 4 years;Establishment;Inputs;Lime;$18.00 ;application rate, lime price;$31 - unless confirmed otherwise, assuming this occurs at every establishment;http://www.extension.iastate.edu/agdm/decisionaidsall.html;111
5;Alfalfa;;1;Year 1, Every 4 years;Establishment;Labor;Labor - Pre-harvest;$14.00 ; wage rate ;1.0 hours @ $14/hour;http://www.extension.iastate.edu/agdm/decisionaidsall.html;112
5;Alfalfa;;1;Year 1, Every 4 years;Harvest;Labor;Labor - harvest - cutting;$42.00 ; wage rate, # cuttings ;1.5 hours @ $14/hour��PER CUT Assumes x2 cuts Establishment Year;http://www.extension.iastate.edu/agdm/decisionaidsall.html;113
5;Alfalfa;;1;Year 1, Every 4 years;Harvest;Machinery;Harvesting - Mower-Conditioner - FIXED;$11.00 ; # cuttings ; $5.50��.PER CUT Assumes 2 cut Establishment Year ;http://www.extension.iastate.edu/agdm/decisionaidsall.html;114
5;Alfalfa;;1;Year 1, Every 4 years;Harvest;Machinery;Harvesting - Mower-Conditioner - VARIABLE;$6.40 ; # cuttings ; $4.40��.PER CUT Assumes 2 cut Establishment Year ;http://www.extension.iastate.edu/agdm/decisionaidsall.html;115
5;Alfalfa;;1;Year 1, Every 4 years;Harvest;Machinery;Harvesting - Rake - FIXED;$6.40 ; # cuttings ; $3.20��PER CUT Assumes 2 cut Establishment Year ;http://www.extension.iastate.edu/agdm/decisionaidsall.html;116
5;Alfalfa;;1;Year 1, Every 4 years;Harvest;Machinery;Harvesting - Rake - VARIABLE;$4.00 ; # cuttings ; $2.00��PER CUT Assumes 2 cut Establishment Year ;http://www.extension.iastate.edu/agdm/decisionaidsall.html;117
5;Alfalfa;;1;Year 1, Every 4 years;Harvest;Machinery;Harvesting - Baling - FIXED;$16.40 ; # cuttings ; $8.2�..PER CUT Assumes 2 cuts Establishment Year ;http://www.extension.iastate.edu/agdm/decisionaidsall.html;118
5;Alfalfa;;1;Year 1, Every 4 years;Harvest;Machinery;Harvesting - Baling - VARIABLE;$10.60 ; # cuttings ; $5.30��PER CUT Assumes 2 cuts Establishment Year ;http://www.extension.iastate.edu/agdm/decisionaidsall.html;119
5;Alfalfa;;1;Year 1, Every 4 years;Harvest;Machinery;Harvesting - Hauling - FIXED;$9.65 ; tons/cutting/ # cuttings ; $1.93 per ton @ 2.5 tons/cutting * 2 cuttings ;http://www.extension.iastate.edu/agdm/decisionaidsall.html;120
5;Alfalfa;;1;Year 1, Every 4 years;Harvest;Machinery;Harvesting - Hauling - VARIABLE;$15.35 ; tons/cutting/ # cuttings ; $3.07 per ton @ 2.5 tons/cutting * 2 cuttings ;http://www.extension.iastate.edu/agdm/decisionaidsall.html;121
5;Alfalfa;;1;Year 1, Every 4 years;Constant;Land;Land - Cash rent equivalent, before seeding;$109.00 ; rent ;$109 per acre;http://www.extension.iastate.edu/agdm/decisionaidsall.html;122
5;Alfalfa;;2;Years 2, 3, 4 (4 yr cycle);Preharvest;Machinery;Fertilizer Spreader - FIXED;$2.00 ; n/a ;$2.00 FIXED;http://www.extension.iastate.edu/agdm/decisionaidsall.html;123
5;Alfalfa;;3;Years 2, 3, 4 (4 yr cycle);Preharvest;Machinery;Fertilizer Spreader - FIXED;$2.00 ; n/a ;$2.00 FIXED;http://www.extension.iastate.edu/agdm/decisionaidsall.html;124
5;Alfalfa;;4;Years 2, 3, 4 (4 yr cycle);Preharvest;Machinery;Fertilizer Spreader - FIXED;$2.00 ; n/a ;$2.00 FIXED;http://www.extension.iastate.edu/agdm/decisionaidsall.html;125
5;Alfalfa;;2;Years 2, 3, 4 (4 yr cycle);Preharvest;Machinery;Fertilizer Spreader - VARIABLE;$1.60 ; n/a ;$1.60 VARIABLE;http://www.extension.iastate.edu/agdm/decisionaidsall.html;126
5;Alfalfa;;3;Years 2, 3, 4 (4 yr cycle);Preharvest;Machinery;Fertilizer Spreader - VARIABLE;$1.60 ; n/a ;$1.60 VARIABLE;http://www.extension.iastate.edu/agdm/decisionaidsall.html;127
5;Alfalfa;;4;Years 2, 3, 4 (4 yr cycle);Preharvest;Machinery;Fertilizer Spreader - VARIABLE;$1.60 ; n/a ;$1.60 VARIABLE;http://www.extension.iastate.edu/agdm/decisionaidsall.html;128
5;Alfalfa;;2;Years 2, 3, 4 (4 yr cycle);Preharvest;Input;Annual Fertilizer - P;$20.28 ; application rate, phosphate price ;(13 lbs/1 ton Alfalfa) @ ($0.45/lb) @ 4 tons Alfalfa;http://www.extension.iastate.edu/agdm/decisionaidsall.html;129
5;Alfalfa;;3;Years 2, 3, 4 (4 yr cycle);Preharvest;Input;Annual Fertilizer - P;$20.28 ; application rate, phosphate price ;(13 lbs/1 ton Alfalfa) @ ($0.45/lb) @ 4 tons Alfalfa;http://www.extension.iastate.edu/agdm/decisionaidsall.html;130
5;Alfalfa;;4;Years 2, 3, 4 (4 yr cycle);Preharvest;Input;Annual Fertilizer - P;$20.28 ; application rate, phosphate price ;(13 lbs/1 ton Alfalfa) @ ($0.45/lb) @ 4 tons Alfalfa;http://www.extension.iastate.edu/agdm/decisionaidsall.html;131
5;Alfalfa;;2;Years 2, 3, 4 (4 yr cycle);Preharvest;Input;Annual Fertilizer - Potash;$54.00 ; application rate, potash price ;(50 lbs/1 ton Alfalfa) @ ($0.35/lb) @ 4 tons Alfalfa;http://www.extension.iastate.edu/agdm/decisionaidsall.html;132
5;Alfalfa;;3;Years 2, 3, 4 (4 yr cycle);Preharvest;Input;Annual Fertilizer - Potash;$54.00 ; application rate, potash price ;(50 lbs/1 ton Alfalfa) @ ($0.35/lb) @ 4 tons Alfalfa;http://www.extension.iastate.edu/agdm/decisionaidsall.html;133
5;Alfalfa;;4;Years 2, 3, 4 (4 yr cycle);Preharvest;Input;Annual Fertilizer - Potash;$54.00 ; application rate, potash price ;(50 lbs/1 ton Alfalfa) @ ($0.35/lb) @ 4 tons Alfalfa;http://www.extension.iastate.edu/agdm/decisionaidsall.html;134
5;Alfalfa;;2;Years 2, 3, 4 (4 yr cycle);Constant;Other;Crop Insurance;$2.00 ; n/a ;$2/acre crop insurance premium;;135
5;Alfalfa;;3;Years 2, 3, 4 (4 yr cycle);Constant;Other;Crop Insurance;$2.00 ; n/a ;$2/acre crop insurance premium;;136
5;Alfalfa;;4;Years 2, 3, 4 (4 yr cycle);Constant;Other;Crop Insurance;$2.00 ; n/a ;$2/acre crop insurance premium;;137
5;Alfalfa;;2;Years 2, 3, 4 (4 yr cycle);Harvest;Labor;Labor - harvest - cutting;$56.00 ; labor wage, # cuttings ;1.33 hours @ $14/hour��PER CUT Assumes x3 cuts per Year;http://www.extension.iastate.edu/agdm/decisionaidsall.html;138
5;Alfalfa;;3;Years 2, 3, 4 (4 yr cycle);Harvest;Labor;Labor - harvest - cutting;$56.00 ; labor wage, # cuttings ;1.33 hours @ $14/hour��PER CUT Assumes x3 cuts per Year;http://www.extension.iastate.edu/agdm/decisionaidsall.html;139
5;Alfalfa;;4;Years 2, 3, 4 (4 yr cycle);Harvest;Labor;Labor - harvest - cutting;$56.00 ; labor wage, # cuttings ;1.33 hours @ $14/hour��PER CUT Assumes x3 cuts per Year;http://www.extension.iastate.edu/agdm/decisionaidsall.html;140
5;Alfalfa;;2;Years 2, 3, 4 (4 yr cycle);Constant;Land;Land - Cash rent equivalent, before seeding;$109.00 ; rent ;$109 Cash rent equivalent;http://www.extension.iastate.edu/agdm/decisionaidsall.html;141
5;Alfalfa;;3;Years 2, 3, 4 (4 yr cycle);Constant;Land;Land - Cash rent equivalent, before seeding;$109.00 ; rent ;$109 Cash rent equivalent;http://www.extension.iastate.edu/agdm/decisionaidsall.html;142
5;Alfalfa;;4;Years 2, 3, 4 (4 yr cycle);Constant;Land;Land - Cash rent equivalent, before seeding;$109.00 ; rent ;$109 Cash rent equivalent;http://www.extension.iastate.edu/agdm/decisionaidsall.html;143
5;Alfalfa;;2;Years 2, 3, 4 (4 yr cycle);Harvest;Machinery;Harvesting - Mower-Conditioner - FIXED;$16.50 ; # cuttings ; $5.50��.PER CUT Assumes 3 cuts per Year ;http://www.extension.iastate.edu/agdm/decisionaidsall.html;144
5;Alfalfa;;3;Years 2, 3, 4 (4 yr cycle);Harvest;Machinery;Harvesting - Mower-Conditioner - FIXED;$16.50 ; # cuttings ; $5.50��.PER CUT Assumes 3 cuts per Year ;http://www.extension.iastate.edu/agdm/decisionaidsall.html;145
5;Alfalfa;;4;Years 2, 3, 4 (4 yr cycle);Harvest;Machinery;Harvesting - Mower-Conditioner - FIXED;$16.50 ; # cuttings ; $5.50��.PER CUT Assumes 3 cuts per Year ;http://www.extension.iastate.edu/agdm/decisionaidsall.html;146
5;Alfalfa;;2;Years 2, 3, 4 (4 yr cycle);Harvest;Machinery;Harvesting - Mower-Conditioner - VARIABLE;$13.20 ; # cuttings ; $4.40��.PER CUT Assumes 3 cuts per Year ;http://www.extension.iastate.edu/agdm/decisionaidsall.html;147
5;Alfalfa;;3;Years 2, 3, 4 (4 yr cycle);Harvest;Machinery;Harvesting - Mower-Conditioner - VARIABLE;$13.20 ; # cuttings ; $4.40��.PER CUT Assumes 3 cuts per Year ;http://www.extension.iastate.edu/agdm/decisionaidsall.html;148
5;Alfalfa;;4;Years 2, 3, 4 (4 yr cycle);Harvest;Machinery;Harvesting - Mower-Conditioner - VARIABLE;$13.20 ; # cuttings ; $4.40��.PER CUT Assumes 3 cuts per Year ;http://www.extension.iastate.edu/agdm/decisionaidsall.html;149
5;Alfalfa;;2;Years 2, 3, 4 (4 yr cycle);Harvest;Machinery;Harvesting - Rake - FIXED;$9.60 ; # cuttings ; $3.20��PER CUT Assumes 3 cuts per Year ;http://www.extension.iastate.edu/agdm/decisionaidsall.html;150
5;Alfalfa;;3;Years 2, 3, 4 (4 yr cycle);Harvest;Machinery;Harvesting - Rake - FIXED;$9.60 ; # cuttings ; $3.20��PER CUT Assumes 3 cuts per Year ;http://www.extension.iastate.edu/agdm/decisionaidsall.html;151
5;Alfalfa;;4;Years 2, 3, 4 (4 yr cycle);Harvest;Machinery;Harvesting - Rake - FIXED;$9.60 ; # cuttings ; $3.20��PER CUT Assumes 3 cuts per Year ;http://www.extension.iastate.edu/agdm/decisionaidsall.html;152
5;Alfalfa;;2;Years 2, 3, 4 (4 yr cycle);Harvest;Machinery;Harvesting - Rake - VARIABLE;$6.00 ; # cuttings ; $2.00��PER CUT Assumes 3 cuts per Year ;http://www.extension.iastate.edu/agdm/decisionaidsall.html;153
5;Alfalfa;;3;Years 2, 3, 4 (4 yr cycle);Harvest;Machinery;Harvesting - Rake - VARIABLE;$6.00 ; # cuttings ; $2.00��PER CUT Assumes 3 cuts per Year ;http://www.extension.iastate.edu/agdm/decisionaidsall.html;154
5;Alfalfa;;4;Years 2, 3, 4 (4 yr cycle);Harvest;Machinery;Harvesting - Rake - VARIABLE;$6.00 ; # cuttings ; $2.00��PER CUT Assumes 3 cuts per Year ;http://www.extension.iastate.edu/agdm/decisionaidsall.html;155
5;Alfalfa;;2;Years 2, 3, 4 (4 yr cycle);Harvest;Machinery;Harvesting - Baling - FIXED;$24.60 ; # cuttings ; $8.20�..PER CUTAssumes 3 cuts per Year ;http://www.extension.iastate.edu/agdm/decisionaidsall.html;156
5;Alfalfa;;3;Years 2, 3, 4 (4 yr cycle);Harvest;Machinery;Harvesting - Baling - FIXED;$24.60 ; # cuttings ; $8.20�..PER CUTAssumes 3 cuts per Year ;http://www.extension.iastate.edu/agdm/decisionaidsall.html;157
5;Alfalfa;;4;Years 2, 3, 4 (4 yr cycle);Harvest;Machinery;Harvesting - Baling - FIXED;$24.60 ; # cuttings ; $8.20�..PER CUTAssumes 3 cuts per Year ;http://www.extension.iastate.edu/agdm/decisionaidsall.html;158
5;Alfalfa;;2;Years 2, 3, 4 (4 yr cycle);Harvest;Machinery;Harvesting - Baling - VARIABLE;$15.90 ; # cuttings ; $5.30��PER CUT Assumes 3 cuts per Year ;http://www.extension.iastate.edu/agdm/decisionaidsall.html;159
5;Alfalfa;;3;Years 2, 3, 4 (4 yr cycle);Harvest;Machinery;Harvesting - Baling - VARIABLE;$15.90 ; # cuttings ; $5.30��PER CUT Assumes 3 cuts per Year ;http://www.extension.iastate.edu/agdm/decisionaidsall.html;160
5;Alfalfa;;4;Years 2, 3, 4 (4 yr cycle);Harvest;Machinery;Harvesting - Baling - VARIABLE;$15.90 ; # cuttings ; $5.30��PER CUT Assumes 3 cuts per Year ;http://www.extension.iastate.edu/agdm/decisionaidsall.html;161
5;Alfalfa;;2;Years 2, 3, 4 (4 yr cycle);Harvest;Machinery;Harvesting - Hauling - FIXED;$7.72 ; yield per cutting, # cuttings ; $1.93 per ton @ 4 tons/acre/year ;http://www.extension.iastate.edu/agdm/decisionaidsall.html;162
5;Alfalfa;;3;Years 2, 3, 4 (4 yr cycle);Harvest;Machinery;Harvesting - Hauling - FIXED;$7.72 ; yield per cutting, # cuttings ; $1.93 per ton @ 4 tons/acre/year ;http://www.extension.iastate.edu/agdm/decisionaidsall.html;163
5;Alfalfa;;4;Years 2, 3, 4 (4 yr cycle);Harvest;Machinery;Harvesting - Hauling - FIXED;$7.72 ; yield per cutting, # cuttings ; $1.93 per ton @ 4 tons/acre/year ;http://www.extension.iastate.edu/agdm/decisionaidsall.html;164
5;Alfalfa;;2;Years 2, 3, 4 (4 yr cycle);Harvest;Machinery;Harvesting - Hauling - VARIABLE;$12.28 ; yield per cutting, # cuttings ; $3.07 per ton @ 4 tons/acre/year ;http://www.extension.iastate.edu/agdm/decisionaidsall.html;165
5;Alfalfa;;3;Years 2, 3, 4 (4 yr cycle);Harvest;Machinery;Harvesting - Hauling - VARIABLE;$12.28 ; yield per cutting, # cuttings ; $3.07 per ton @ 4 tons/acre/year ;http://www.extension.iastate.edu/agdm/decisionaidsall.html;166
5;Alfalfa;;4;Years 2, 3, 4 (4 yr cycle);Harvest;Machinery;Harvesting - Hauling - VARIABLE;$12.28 ; yield per cutting, # cuttings ; $3.07 per ton @ 4 tons/acre/year ;http://www.extension.iastate.edu/agdm/decisionaidsall.html;167
6;Permanent Pasture;;1;Annual;Preharvest;Rent;Preharvest - Feed - Pasture - VARIABLE;$50.00 ; rent ;Assumed rent;https://www.extension.iastate.edu/AGDM/livestock/pdf/b1-21.pdf;168
6;Permanent Pasture;;1;Annual;Preharvest;Input;Preharvest - Feed - Pasture Fertilizer & Miscellaneous - VARIABLE;$20.00 ; n/a ;Assumed;https://www.extension.iastate.edu/AGDM/livestock/pdf/b1-21.pdf;169
6;Permanent Pasture;;1;Annual;Preharvest;Input;Preharvest - Feed - Corn - VARIABLE;$5.44 ; yield ;4 bu @ $ 3.40/bu     / 2.5 acres (bring it down to per acre amount);https://www.extension.iastate.edu/AGDM/livestock/pdf/b1-21.pdf;170
6;Permanent Pasture;;1;Annual;Preharvest;Input;Preharvest - Feed - Salt & Minerals - VARIABLE;$2.16 ; yield ;60 bu @ $ 0.09/bu     / 2.5 acres (bring it down to per acre amount);https://www.extension.iastate.edu/AGDM/livestock/pdf/b1-21.pdf;171
6;Permanent Pasture;;1;Annual;Preharvest;Input;Preharvest - Feed - Alfalfa-Brome Hay - VARIABLE;$79.80 ; yield ;2.1 bu @ $ 95/bu     / 2.5 acres (bring it down to per acre amount);https://www.extension.iastate.edu/AGDM/livestock/pdf/b1-21.pdf;172
6;Permanent Pasture;;1;Annual;Preharvest;Input;Preharvest - Feed - Corn Stalks - VARIABLE;$4.80 ; yield ;??? Call and ask question ??? 2.1 bu @ $ 95/bu     / 2.5 acres (bring it down to per acre amount);https://www.extension.iastate.edu/AGDM/livestock/pdf/b1-21.pdf;173
6;Permanent Pasture;;1;Annual;Preharvest;Input;Veterinary & Health - VARIABLE;$10.00 ; yield ;$25 per unit / 2.5 acres (bring it down to per acre amount);https://www.extension.iastate.edu/AGDM/livestock/pdf/b1-21.pdf;174
6;Permanent Pasture;;1;Annual;Preharvest;Machinery;Machinery, Equipment, Fuel, & Repairs - VARIABLE;$6.00 ; yield ;$15 per unit / 2.5 acres (bring it down to per acre amount);https://www.extension.iastate.edu/AGDM/livestock/pdf/b1-21.pdf;175
6;Permanent Pasture;;1;Annual;Preharvest;Other;Marketing & Miscellaneous - VARIABLE;$8.00 ; yield ;$20 per unit / 2.5 acres (bring it down to per acre amount);https://www.extension.iastate.edu/AGDM/livestock/pdf/b1-21.pdf;176
6;Permanent Pasture;;1;Annual;Preharvest;Other;Interest on variable costs;$7.45 ; other values ;8%, 6 months, applied to all variable costs;https://www.extension.iastate.edu/AGDM/livestock/pdf/b1-21.pdf;177
6;Permanent Pasture;;1;Annual;Preharvest;Labor;Preharvest Labor;$44.80 ; labor wage ;8 hours @ $14/hr     / 2.5 acres (bring it down to per acre amount);https://www.extension.iastate.edu/AGDM/livestock/pdf/b1-21.pdf;178
6;Permanent Pasture;;1;Annual;Preharvest;Machinery;Machinery, Equipment, Housing, & Fences - FIXED;$26.04 ; n/a ;Assumed / 2.5 acres (bring down to 1 acre);https://www.extension.iastate.edu/AGDM/livestock/pdf/b1-21.pdf;179
6;Permanent Pasture;;1;Annual;Preharvest;Other;Interest & Insurance on Breeding Herd;$43.28 ; n/a ;Assumed / 2.5 acres (bring down to 1 acre);https://www.extension.iastate.edu/AGDM/livestock/pdf/b1-21.pdf;180
6;Permanent Pasture;;1;Annual;Preharvest;Other;Bull Depreciation/Replacement;$4.80 ; n/a ;Assumed / 2.5 acres (bring down to 1 acre);https://www.extension.iastate.edu/AGDM/livestock/pdf/b1-21.pdf;181
7;Rotational Grazing;;1;Annual;Preharvest;Rent;Preharvest - Feed - Pasture - VARIABLE;$50.00 ; rent ;Assumed rent;https://www.extension.iastate.edu/AGDM/livestock/pdf/b1-21.pdf;182
7;Rotational Grazing;;1;Annual;Preharvest;Input;Preharvest - Feed - Pasture Fertilizer & Miscellaneous - VARIABLE;$31.43 ; n/a ;Assumed, modified (55/35) for changed stocking density;https://www.extension.iastate.edu/AGDM/livestock/pdf/b1-21.pdf;183
7;Rotational Grazing;;1;Annual;Preharvest;Input;Preharvest - Feed - Corn - VARIABLE;$8.55 ; yield ;4 bu @ $ 3.40/bu     / 2.5 acres (bring it down to per acre amount) Modified (55/35) for increased stocking density;https://www.extension.iastate.edu/AGDM/livestock/pdf/b1-21.pdf;184
7;Rotational Grazing;;1;Annual;Preharvest;Input;Preharvest - Feed - Salt & Minerals - VARIABLE;$3.39 ; yield ;60 bu @ $ 0.09/bu     / 2.5 acres (bring it down to per acre amount) Modified (55/35) for increased stocking density;https://www.extension.iastate.edu/AGDM/livestock/pdf/b1-21.pdf;185
7;Rotational Grazing;;1;Annual;Preharvest;Input;Preharvest - Feed - Alfalfa-Brome Hay - VARIABLE;$125.40 ; yield ;2.1 bu @ $ 95/bu     / 2.5 acres (bring it down to per acre amount) Modified (55/35) for increased stocking density;https://www.extension.iastate.edu/AGDM/livestock/pdf/b1-21.pdf;186
7;Rotational Grazing;;1;Annual;Preharvest;Input;Preharvest - Feed - Corn Stalks - VARIABLE;$7.54 ; yield ;??? Call and ask question ??? 2.1 bu @ $ 95/bu     / 2.5 acres (bring it down to per acre amount) Modified (55/35) for increased stocking density;https://www.extension.iastate.edu/AGDM/livestock/pdf/b1-21.pdf;187
7;Rotational Grazing;;1;Annual;Preharvest;Input;Veterinary & Health - VARIABLE;$15.71 ; yield ;$25 per unit / 2.5 acres (bring it down to per acre amount) Modified (55/35) for increased stocking density;https://www.extension.iastate.edu/AGDM/livestock/pdf/b1-21.pdf;188
7;Rotational Grazing;;1;Annual;Preharvest;Machinery;Machinery, Equipment, Fuel, & Repairs - VARIABLE;$6.00 ; yield ;$15 per unit / 2.5 acres (bring it down to per acre amount);https://www.extension.iastate.edu/AGDM/livestock/pdf/b1-21.pdf;189
7;Rotational Grazing;;1;Annual;Preharvest;Other;Marketing & Miscellaneous - VARIABLE;$12.57 ; yield ;$20 per unit / 2.5 acres (bring it down to per acre amount) Modified (55/35) for increased stocking density;https://www.extension.iastate.edu/AGDM/livestock/pdf/b1-21.pdf;190
7;Rotational Grazing;;1;Annual;Preharvest;Other;Interest on variable costs;$10.42 ; other values ;8%, 6 months, applied to all variable costs;https://www.extension.iastate.edu/AGDM/livestock/pdf/b1-21.pdf;191
7;Rotational Grazing;;1;Annual;Preharvest;Labor;Preharvest Labor;$44.80 ; labor wage ;8 hours @ $14/hr     / 2.5 acres (bring it down to per acre amount);https://www.extension.iastate.edu/AGDM/livestock/pdf/b1-21.pdf;192
7;Rotational Grazing;;1;Annual;Preharvest;Machinery;Machinery, Equipment, Housing, & Fences - FIXED;$26.04 ; n/a ;Assumed / 2.5 acres (bring down to 1 acre);https://www.extension.iastate.edu/AGDM/livestock/pdf/b1-21.pdf;193
7;Rotational Grazing;;1;Annual;Preharvest;Other;Interest & Insurance on Breeding Herd;$68.01 ; n/a ;Assumed / 2.5 acres (bring down to 1 acre) Modified (55/35) for increased stocking density;https://www.extension.iastate.edu/AGDM/livestock/pdf/b1-21.pdf;194
7;Rotational Grazing;;1;Annual;Preharvest;Other;Bull Depreciation/Replacement;$7.54 ; n/a ;Assumed / 2.5 acres (bring down to 1 acre) Modified (55/35) for increased stocking density;https://www.extension.iastate.edu/AGDM/livestock/pdf/b1-21.pdf;195
8;Grass Hay;;1;Every 4 years;Establishment - Year 1;;Spray Herbicide - FIXED;$2.20 ; n/a ;Ag Decision Maker;http://www.extension.iastate.edu/agdm/decisionaidsall.html;196
8;Grass Hay;;1;Every 4 years;Establishment - Year 1;;Spray Herbicide - VARIABLE;$2.00 ; n/a ;Ag Decision Maker;http://www.extension.iastate.edu/agdm/decisionaidsall.html;197
8;Grass Hay;;1;Every 4 years;Establishment - Year 1;;Tandem disk (twice) - FIXED;$9.40 ; n/a ;2 times - Ag Decision Maker;http://www.extension.iastate.edu/agdm/decisionaidsall.html;198
8;Grass Hay;;1;Every 4 years;Establishment - Year 1;;Tandem disk (twice) - VARIABLE;$7.00 ; n/a ;2 times - Ag Decision Maker;http://www.extension.iastate.edu/agdm/decisionaidsall.html;199
8;Grass Hay;;1;Every 4 years;Establishment - Year 1;;Spread fertilizer - FIXED;$2.00 ; n/a ;Ag Decision Maker;http://www.extension.iastate.edu/agdm/decisionaidsall.html;200
8;Grass Hay;;1;Every 4 years;Establishment - Year 1;;Spread fertilizer - VARIABLE;$1.60 ; n/a ;Ag Decision Maker;http://www.extension.iastate.edu/agdm/decisionaidsall.html;201
8;Grass Hay;;1;Every 4 years;Establishment - Year 1;;Harrow - FIXED;$2.10 ; n/a ;Ag Decision Maker;http://www.extension.iastate.edu/agdm/decisionaidsall.html;202
8;Grass Hay;;1;Every 4 years;Establishment - Year 1;;Harrow - VARIABLE;$1.50 ; n/a ;Ag Decision Maker;http://www.extension.iastate.edu/agdm/decisionaidsall.html;203
8;Grass Hay;;1;Every 4 years;Establishment - Year 1;;Seed (drill) - FIXED;$4.60 ; n/a ;Ag Decision Maker;http://www.extension.iastate.edu/agdm/decisionaidsall.html;204
8;Grass Hay;;1;Every 4 years;Establishment - Year 1;;Seed (drill) - VARIABLE;$4.10 ; n/a ;Ag Decision Maker;http://www.extension.iastate.edu/agdm/decisionaidsall.html;205
8;Grass Hay;;1;Every 4 years;Establishment - Year 1;Input;Seed;$72.48 ; application rate, seed price ;Ag Decision Maker, 15 lbs @ $4.832/lb alfalfa seed;http://www.extension.iastate.edu/agdm/decisionaidsall.html;206
8;Grass Hay;;1;Every 4 years;Establishment - Year 1;Input;Fertilizer - P;$13.53 ; application rate, phosphate price ;Ag Decision Maker, 35 lbs @ $(13.53/35)/lb;http://www.extension.iastate.edu/agdm/decisionaidsall.html;207
8;Grass Hay;;1;Every 4 years;Establishment - Year 1;Input;Fertilizer - Potash;$33.95 ; application rate, potash price ;Ag Decision Maker, 125 lbs @ $(33.95/125)/lb;http://www.extension.iastate.edu/agdm/decisionaidsall.html;208
8;Grass Hay;;1;Every 4 years;Establishment - Year 1;Input;Herbicide;$13.30 ;application rate, herbicide price;$13.3 - unless confirmed otherwise, assuming this occurs at every establishment;http://www.extension.iastate.edu/agdm/decisionaidsall.html;209
8;Grass Hay;;1;Every 4 years;Establishment - Year 1;Input;Lime;$18.00 ;application rate, lime price;$18 - unless confirmed otherwise, assuming this occurs at every establishment;http://www.extension.iastate.edu/agdm/decisionaidsall.html;210
8;Grass Hay;;1;Every 4 years;Establishment - Year 1;Farmer Labor;Labor - Pre-harvest;$14.00 ; labor wage ;1.0 hours @ $14/hour;http://www.extension.iastate.edu/agdm/decisionaidsall.html;211
8;Grass Hay;;1;Every 4 years;Establishment - Year 1;Farmer Labor;Labor - harvest - cutting;$42.00 ; labor wage, # cuttings ;1.5 hours @ $14/hour��PER CUT (2 cuts) Assumes x2 cuts Establishment Year;http://www.extension.iastate.edu/agdm/decisionaidsall.html;212
8;Grass Hay;;1;Every 4 years;Establishment - Year 1;Machinery;Harvesting - Mower-Conditioner - FIXED;$11.00 ; # cuttings ; $5.50��.PER CUT Assumes 2 cut Establishment Year ;http://www.extension.iastate.edu/agdm/decisionaidsall.html;213
8;Grass Hay;;1;Every 4 years;Establishment - Year 1;Machinery;Harvesting - Mower-Conditioner - VARIABLE;$8.80 ; # cuttings ; $4.40��.PER CUT Assumes 2 cut Establishment Year ;http://www.extension.iastate.edu/agdm/decisionaidsall.html;214
8;Grass Hay;;1;Every 4 years;Establishment - Year 1;Machinery;Harvesting - Rake - FIXED;$6.40 ; # cuttings ; $3.20��PER CUT Assumes 2 cut Establishment Year ;http://www.extension.iastate.edu/agdm/decisionaidsall.html;215
8;Grass Hay;;1;Every 4 years;Establishment - Year 1;Machinery;Harvesting - Rake - VARIABLE;$4.00 ; # cuttings ; $2.00��PER CUT Assumes 2 cut Establishment Year ;http://www.extension.iastate.edu/agdm/decisionaidsall.html;216
8;Grass Hay;;1;Every 4 years;Establishment - Year 1;Machinery;Harvesting - Baling - FIXED;$16.40 ; # cuttings ; $8.2�..PER CUT Assumes 2 cuts Establishment Year ;http://www.extension.iastate.edu/agdm/decisionaidsall.html;217
8;Grass Hay;;1;Every 4 years;Establishment - Year 1;Machinery;Harvesting - Baling - VARIABLE;$10.60 ; # cuttings ; $5.3.00��PER CUT Assumes 2 cuts Establishment Year ;http://www.extension.iastate.edu/agdm/decisionaidsall.html;218
8;Grass Hay;;1;Every 4 years;Establishment - Year 1;Machinery;Harvesting - Hauling - FIXED;$9.65 ; Cuttings, yield (tons) ; $1.93 per ton @ 2.5 tons/cutting * 2 cuttings/acre/year ;http://www.extension.iastate.edu/agdm/decisionaidsall.html;219
8;Grass Hay;;1;Every 4 years;Establishment - Year 1;Machinery;Harvesting - Hauling - VARIABLE;$15.35 ; Cuttings, yield (tons) ; $3.07 per ton @ 2.5 tons/acre/year * 2 cuttings/acre/year ;http://www.extension.iastate.edu/agdm/decisionaidsall.html;220
8;Grass Hay;;1;Every 4 years;Establishment - Year 1;Land;Land - Cash rent equivalent, before seeding;$109.00 ; rent ;$109 per acre;http://www.extension.iastate.edu/agdm/decisionaidsall.html;221
8;Grass Hay;;2;Years 2, 3, 4;Production Years 2, 3, 4;Machinery;Fertilizer Spreader - FIXED;$2.00 ; n/a ;$2.00 FIXED;http://www.extension.iastate.edu/agdm/decisionaidsall.html;222
8;Grass Hay;;3;Years 2, 3, 4;Production Years 2, 3, 4;Machinery;Fertilizer Spreader - FIXED;$2.00 ; n/a ;$2.00 FIXED;http://www.extension.iastate.edu/agdm/decisionaidsall.html;223
8;Grass Hay;;4;Years 2, 3, 4;Production Years 2, 3, 4;Machinery;Fertilizer Spreader - FIXED;$2.00 ; n/a ;$2.00 FIXED;http://www.extension.iastate.edu/agdm/decisionaidsall.html;224
8;Grass Hay;;2;Years 2, 3, 4;Production Years 2, 3, 4;Machinery;Fertilizer Spreader - VARIABLE;$1.60 ; n/a ;$1.60 VARIABLE;http://www.extension.iastate.edu/agdm/decisionaidsall.html;225
8;Grass Hay;;3;Years 2, 3, 4;Production Years 2, 3, 4;Machinery;Fertilizer Spreader - VARIABLE;$1.60 ; n/a ;$1.60 VARIABLE;http://www.extension.iastate.edu/agdm/decisionaidsall.html;226
8;Grass Hay;;4;Years 2, 3, 4;Production Years 2, 3, 4;Machinery;Fertilizer Spreader - VARIABLE;$1.60 ; n/a ;$1.60 VARIABLE;http://www.extension.iastate.edu/agdm/decisionaidsall.html;227
8;Grass Hay;;2;Years 2, 3, 4;Production Years 2, 3, 4;Input;Annual Fertilizer - P;$20.28 ; application rate, phosphate price ;(13 lbs/1 ton Alfalfa) @ ($0.39/lb) @ 4 tons Alfalfa;http://www.extension.iastate.edu/agdm/decisionaidsall.html;228
8;Grass Hay;;3;Years 2, 3, 4;Production Years 2, 3, 4;Input;Annual Fertilizer - P;$20.28 ; application rate, phosphate price ;(13 lbs/1 ton Alfalfa) @ ($0.39/lb) @ 4 tons Alfalfa;http://www.extension.iastate.edu/agdm/decisionaidsall.html;229
8;Grass Hay;;4;Years 2, 3, 4;Production Years 2, 3, 4;Input;Annual Fertilizer - P;$20.28 ; application rate, phosphate price ;(13 lbs/1 ton Alfalfa) @ ($0.39/lb) @ 4 tons Alfalfa;http://www.extension.iastate.edu/agdm/decisionaidsall.html;230
8;Grass Hay;;2;Years 2, 3, 4;Production Years 2, 3, 4;Input;Annual Fertilizer - Potash;$54.00 ; application rate, potash price ;(50 lbs/1 ton Alfalfa) @ ($0.27/lb) @ 4 tons Alfalfa;http://www.extension.iastate.edu/agdm/decisionaidsall.html;231
8;Grass Hay;;3;Years 2, 3, 4;Production Years 2, 3, 4;Input;Annual Fertilizer - Potash;$54.00 ; application rate, potash price ;(50 lbs/1 ton Alfalfa) @ ($0.27/lb) @ 4 tons Alfalfa;http://www.extension.iastate.edu/agdm/decisionaidsall.html;232
8;Grass Hay;;4;Years 2, 3, 4;Production Years 2, 3, 4;Input;Annual Fertilizer - Potash;$54.00 ; application rate, potash price ;(50 lbs/1 ton Alfalfa) @ ($0.27/lb) @ 4 tons Alfalfa;http://www.extension.iastate.edu/agdm/decisionaidsall.html;233
8;Grass Hay;;2;Years 2, 3, 4;Production Years 2, 3, 4;Other;Crop Insurance;$2.00 ; n/a ;$2/acre (assuming 3 cuts @ 4 tons/cut);;234
8;Grass Hay;;3;Years 2, 3, 4;Production Years 2, 3, 4;Other;Crop Insurance;$2.00 ; n/a ;$2/acre (assuming 3 cuts @ 4 tons/cut);;235
8;Grass Hay;;4;Years 2, 3, 4;Production Years 2, 3, 4;Other;Crop Insurance;$2.00 ; n/a ;$2/acre (assuming 3 cuts @ 4 tons/cut);;236
8;Grass Hay;;2;Years 2, 3, 4;Production Years 2, 3, 4;Farmer Labor;Labor - harvest - cutting;$56.00 ; labor wage, # cuttings ;1.33 hours @ $14/hour��PER CUT Assumes x3 cuts per Year;http://www.extension.iastate.edu/agdm/decisionaidsall.html;237
8;Grass Hay;;3;Years 2, 3, 4;Production Years 2, 3, 4;Farmer Labor;Labor - harvest - cutting;$56.00 ; labor wage, # cuttings ;1.33 hours @ $14/hour��PER CUT Assumes x3 cuts per Year;http://www.extension.iastate.edu/agdm/decisionaidsall.html;238
8;Grass Hay;;4;Years 2, 3, 4;Production Years 2, 3, 4;Farmer Labor;Labor - harvest - cutting;$56.00 ; labor wage, # cuttings ;1.33 hours @ $14/hour��PER CUT Assumes x3 cuts per Year;http://www.extension.iastate.edu/agdm/decisionaidsall.html;239
8;Grass Hay;;2;Years 2, 3, 4;Production Years 2, 3, 4;Land;Land - Cash rent equivalent, before seeding;$109.00 ; rent ;$109 Cash rent equivalent;http://www.extension.iastate.edu/agdm/decisionaidsall.html;240
8;Grass Hay;;3;Years 2, 3, 4;Production Years 2, 3, 4;Land;Land - Cash rent equivalent, before seeding;$109.00 ; rent ;$109 Cash rent equivalent;http://www.extension.iastate.edu/agdm/decisionaidsall.html;241
8;Grass Hay;;4;Years 2, 3, 4;Production Years 2, 3, 4;Land;Land - Cash rent equivalent, before seeding;$109.00 ; rent ;$109 Cash rent equivalent;http://www.extension.iastate.edu/agdm/decisionaidsall.html;242
8;Grass Hay;;2;Years 2, 3, 4;Production Years 2, 3, 4;Machinery;Harvesting - Mower-Conditioner - FIXED;$16.50 ; # cuttings ; $5.50��.PER CUT Assumes 3 cuts per Year ;http://www.extension.iastate.edu/agdm/decisionaidsall.html;243
8;Grass Hay;;3;Years 2, 3, 4;Production Years 2, 3, 4;Machinery;Harvesting - Mower-Conditioner - FIXED;$16.50 ; # cuttings ; $5.50��.PER CUT Assumes 3 cuts per Year ;http://www.extension.iastate.edu/agdm/decisionaidsall.html;244
8;Grass Hay;;4;Years 2, 3, 4;Production Years 2, 3, 4;Machinery;Harvesting - Mower-Conditioner - FIXED;$16.50 ; # cuttings ; $5.50��.PER CUT Assumes 3 cuts per Year ;http://www.extension.iastate.edu/agdm/decisionaidsall.html;245
8;Grass Hay;;2;Years 2, 3, 4;Production Years 2, 3, 4;Machinery;Harvesting - Mower-Conditioner - VARIABLE;$13.20 ; # cuttings ; $4.40��.PER CUT Assumes 3 cuts per Year ;http://www.extension.iastate.edu/agdm/decisionaidsall.html;246
8;Grass Hay;;3;Years 2, 3, 4;Production Years 2, 3, 4;Machinery;Harvesting - Mower-Conditioner - VARIABLE;$13.20 ; # cuttings ; $4.40��.PER CUT Assumes 3 cuts per Year ;http://www.extension.iastate.edu/agdm/decisionaidsall.html;247
8;Grass Hay;;4;Years 2, 3, 4;Production Years 2, 3, 4;Machinery;Harvesting - Mower-Conditioner - VARIABLE;$13.20 ; # cuttings ; $4.40��.PER CUT Assumes 3 cuts per Year ;http://www.extension.iastate.edu/agdm/decisionaidsall.html;248
8;Grass Hay;;2;Years 2, 3, 4;Production Years 2, 3, 4;Machinery;Harvesting - Rake - FIXED;$9.60 ; # cuttings ; $3.20��PER CUT Assumes 3 cuts per Year ;http://www.extension.iastate.edu/agdm/decisionaidsall.html;249
8;Grass Hay;;3;Years 2, 3, 4;Production Years 2, 3, 4;Machinery;Harvesting - Rake - FIXED;$9.60 ; # cuttings ; $3.20��PER CUT Assumes 3 cuts per Year ;http://www.extension.iastate.edu/agdm/decisionaidsall.html;250
8;Grass Hay;;4;Years 2, 3, 4;Production Years 2, 3, 4;Machinery;Harvesting - Rake - FIXED;$9.60 ; # cuttings ; $3.20��PER CUT Assumes 3 cuts per Year ;http://www.extension.iastate.edu/agdm/decisionaidsall.html;251
8;Grass Hay;;2;Years 2, 3, 4;Production Years 2, 3, 4;Machinery;Harvesting - Rake - VARIABLE;$6.00 ; # cuttings ; $2.00��PER CUT Assumes 3 cuts per Year ;http://www.extension.iastate.edu/agdm/decisionaidsall.html;252
8;Grass Hay;;3;Years 2, 3, 4;Production Years 2, 3, 4;Machinery;Harvesting - Rake - VARIABLE;$6.00 ; # cuttings ; $2.00��PER CUT Assumes 3 cuts per Year ;http://www.extension.iastate.edu/agdm/decisionaidsall.html;253
8;Grass Hay;;4;Years 2, 3, 4;Production Years 2, 3, 4;Machinery;Harvesting - Rake - VARIABLE;$6.00 ; # cuttings ; $2.00��PER CUT Assumes 3 cuts per Year ;http://www.extension.iastate.edu/agdm/decisionaidsall.html;254
8;Grass Hay;;2;Years 2, 3, 4;Production Years 2, 3, 4;Machinery;Harvesting - Baling - FIXED;$24.60 ; # cuttings ; $8.20�..PER CUT Assumes 3 cuts per Year ;http://www.extension.iastate.edu/agdm/decisionaidsall.html;255
8;Grass Hay;;3;Years 2, 3, 4;Production Years 2, 3, 4;Machinery;Harvesting - Baling - FIXED;$24.60 ; # cuttings ; $8.20�..PER CUT Assumes 3 cuts per Year ;http://www.extension.iastate.edu/agdm/decisionaidsall.html;256
8;Grass Hay;;4;Years 2, 3, 4;Production Years 2, 3, 4;Machinery;Harvesting - Baling - FIXED;$24.60 ; # cuttings ; $8.20�..PER CUT Assumes 3 cuts per Year ;http://www.extension.iastate.edu/agdm/decisionaidsall.html;257
8;Grass Hay;;2;Years 2, 3, 4;Production Years 2, 3, 4;Machinery;Harvesting - Baling - VARIABLE;$15.90 ; # cuttings ; $5.30��PER CUT Assumes 3 cuts per Year ;http://www.extension.iastate.edu/agdm/decisionaidsall.html;258
8;Grass Hay;;3;Years 2, 3, 4;Production Years 2, 3, 4;Machinery;Harvesting - Baling - VARIABLE;$15.90 ; # cuttings ; $5.30��PER CUT Assumes 3 cuts per Year ;http://www.extension.iastate.edu/agdm/decisionaidsall.html;259
8;Grass Hay;;4;Years 2, 3, 4;Production Years 2, 3, 4;Machinery;Harvesting - Baling - VARIABLE;$15.90 ; # cuttings ; $5.30��PER CUT Assumes 3 cuts per Year ;http://www.extension.iastate.edu/agdm/decisionaidsall.html;260
8;Grass Hay;;2;Years 2, 3, 4;Production Years 2, 3, 4;Machinery;Harvesting - Hauling - FIXED;$23.16 ; Cuttings, yield (tons) ; $1.93 per ton @ 4 tons/cutting * 3 cuttings/year ;http://www.extension.iastate.edu/agdm/decisionaidsall.html;261
8;Grass Hay;;3;Years 2, 3, 4;Production Years 2, 3, 4;Machinery;Harvesting - Hauling - FIXED;$23.16 ; Cuttings, yield (tons) ; $1.93 per ton @ 4 tons/cutting * 3 cuttings/year ;http://www.extension.iastate.edu/agdm/decisionaidsall.html;262
8;Grass Hay;;4;Years 2, 3, 4;Production Years 2, 3, 4;Machinery;Harvesting - Hauling - FIXED;$23.16 ; Cuttings, yield (tons) ; $1.93 per ton @ 4 tons/cutting * 3 cuttings/year ;http://www.extension.iastate.edu/agdm/decisionaidsall.html;263
8;Grass Hay;;2;Years 2, 3, 4;Production Years 2, 3, 4;Machinery;Harvesting - Hauling - VARIABLE;$36.84 ; Cuttings, yield (tons) ; $3.07 per ton @ 4 tons/cutting * 3 cuttings/year ;http://www.extension.iastate.edu/agdm/decisionaidsall.html;264
8;Grass Hay;;3;Years 2, 3, 4;Production Years 2, 3, 4;Machinery;Harvesting - Hauling - VARIABLE;$36.84 ; Cuttings, yield (tons) ; $3.07 per ton @ 4 tons/cutting * 3 cuttings/year ;http://www.extension.iastate.edu/agdm/decisionaidsall.html;265
8;Grass Hay;;4;Years 2, 3, 4;Production Years 2, 3, 4;Machinery;Harvesting - Hauling - VARIABLE;$36.84 ; Cuttings, yield (tons) ; $3.07 per ton @ 4 tons/cutting * 3 cuttings/year ;http://www.extension.iastate.edu/agdm/decisionaidsall.html;266
9;Prairie;;;;;;;$0.00 ;;;;267
10;Conservation Forest;;;;;;;$0.00 ;;;;268
11;Conventional Forest;;;;;;;$0.00 ;;;;269
12;Switchgrass;;1;Every 11 years;Establishment;Custom Labor;Custom - Preharvest - Disk;$9.45 ;;Ag Decision Maker, based on 2007 Iowa Farm Custom Rate Survey no repeat if reseeding;http://www.extension.iastate.edu/agdm/crops/html/a1-22.html;270
12;Switchgrass;;1;Every 11 years;Establishment;Custom Labor;Custom - Preharvest - Harrow;$6.25 ;;Ag Decision Maker, based on 2007 Iowa Farm Custom Rate Surveyno repeat if reseeding;http://www.extension.iastate.edu/agdm/crops/html/a1-22.html;271
12;Switchgrass;;1;Every 11 years;Establishment;Custom Labor;Custom - Preharvest - Airflow spreader (seed and fertilizers);$7.70 ;;Ag Decision Maker, based on 2007 Iowa Farm Custom Rate Surveyrepeat if reseeding (25% chance);http://www.extension.iastate.edu/agdm/crops/html/a1-22.html;272
12;Switchgrass;;1;Every 11 years;Establishment;Custom Labor;Custom - Spraying chemicals;$5.15 ;;Ag Decision Maker, based on 2007 Iowa Farm Custom Rate Survey;http://www.extension.iastate.edu/agdm/crops/html/a1-22.html;273
12;Switchgrass;;1;Every 11 years;Establishment;Inputs;Seed;$0.00 ;;repeat if reseeding (25% chance);http://www.extension.iastate.edu/agdm/crops/html/a1-22.html;274
12;Switchgrass;;1;Every 11 years;Establishment;Inputs;Fertilizer - P;$11.10 ;;Ag Decision Maker, based on 2007 Iowa Farm Custom Rate Survey 30lb @ $0.37/lb repeat if reseeding (25% chance);http://www.extension.iastate.edu/agdm/crops/html/a1-22.html;275
12;Switchgrass;;1;Every 11 years;Establishment;Inputs;Fertilizer - K;$9.20 ;;Ag Decision Maker, based on 2007 Iowa Farm Custom Rate Survey 40lb @ $0.23/lb repeat if reseeding (25% chance);http://www.extension.iastate.edu/agdm/crops/html/a1-22.html;276
12;Switchgrass;;1;Every 11 years;Establishment;Inputs;Lime;$63.00 ;;Ag Decision Maker, based on 2007 Iowa Farm Custom Rate Survey no repeat if reseeding 3 tons @ $21/ton;http://www.extension.iastate.edu/agdm/crops/html/a1-22.html;277
12;Switchgrass;;1;Every 11 years;Establishment;Inputs;Herbicides;$7.74 ;;Ag Decision Maker, based on 2007 Iowa Farm Custom Rate Survey Pursuit+ 3 oz @ $53/gal, MSO 32 oz @ $1.75/pt 2,4D 1.5 pts @ $16/gal repeat if reseeding (25% chance);http://www.extension.iastate.edu/agdm/crops/html/a1-22.html;278
12;Switchgrass;;2;Annual after yr1;Operational;Inputs;Fertilizer - N;$31.00 ;;Ag Decision Maker, based on 2007 Iowa Farm Custom Rate Survey 100lb @ $0.31/lb;http://www.extension.iastate.edu/agdm/crops/html/a1-22.html;279
12;Switchgrass;;3;Annual after yr1;Operational;Inputs;Fertilizer - N;$31.00 ;;Ag Decision Maker, based on 2007 Iowa Farm Custom Rate Survey 100lb @ $0.31/lb;http://www.extension.iastate.edu/agdm/crops/html/a1-22.html;280
12;Switchgrass;;4;Annual after yr1;Operational;Inputs;Fertilizer - N;$31.00 ;;Ag Decision Maker, based on 2007 Iowa Farm Custom Rate Survey 100lb @ $0.31/lb;http://www.extension.iastate.edu/agdm/crops/html/a1-22.html;281
12;Switchgrass;;5;Annual after yr1;Operational;Inputs;Fertilizer - N;$31.00 ;;Ag Decision Maker, based on 2007 Iowa Farm Custom Rate Survey 100lb @ $0.31/lb;http://www.extension.iastate.edu/agdm/crops/html/a1-22.html;282
12;Switchgrass;;6;Annual after yr1;Operational;Inputs;Fertilizer - N;$31.00 ;;Ag Decision Maker, based on 2007 Iowa Farm Custom Rate Survey 100lb @ $0.31/lb;http://www.extension.iastate.edu/agdm/crops/html/a1-22.html;283
12;Switchgrass;;7;Annual after yr1;Operational;Inputs;Fertilizer - N;$31.00 ;;Ag Decision Maker, based on 2007 Iowa Farm Custom Rate Survey 100lb @ $0.31/lb;http://www.extension.iastate.edu/agdm/crops/html/a1-22.html;284
12;Switchgrass;;8;Annual after yr1;Operational;Inputs;Fertilizer - N;$31.00 ;;Ag Decision Maker, based on 2007 Iowa Farm Custom Rate Survey 100lb @ $0.31/lb;http://www.extension.iastate.edu/agdm/crops/html/a1-22.html;285
12;Switchgrass;;9;Annual after yr1;Operational;Inputs;Fertilizer - N;$31.00 ;;Ag Decision Maker, based on 2007 Iowa Farm Custom Rate Survey 100lb @ $0.31/lb;http://www.extension.iastate.edu/agdm/crops/html/a1-22.html;286
12;Switchgrass;;10;Annual after yr1;Operational;Inputs;Fertilizer - N;$31.00 ;;Ag Decision Maker, based on 2007 Iowa Farm Custom Rate Survey 100lb @ $0.31/lb;http://www.extension.iastate.edu/agdm/crops/html/a1-22.html;287
12;Switchgrass;;11;Annual after yr1;Operational;Inputs;Fertilizer - N;$31.00 ;;Ag Decision Maker, based on 2007 Iowa Farm Custom Rate Survey 100lb @ $0.31/lb;http://www.extension.iastate.edu/agdm/crops/html/a1-22.html;288
12;Switchgrass;;2;Annual after yr1;Operational;Inputs;Fertilizer - P;$2.87 ;;Ag Decision Maker, based on 2007 Iowa Farm Custom Rate Survey 1.94lb @ $0.37/lb;http://www.extension.iastate.edu/agdm/crops/html/a1-22.html;289
12;Switchgrass;;3;Annual after yr1;Operational;Inputs;Fertilizer - P;$2.87 ;;Ag Decision Maker, based on 2007 Iowa Farm Custom Rate Survey 1.94lb @ $0.37/lb;http://www.extension.iastate.edu/agdm/crops/html/a1-22.html;290
12;Switchgrass;;4;Annual after yr1;Operational;Inputs;Fertilizer - P;$2.87 ;;Ag Decision Maker, based on 2007 Iowa Farm Custom Rate Survey 1.94lb @ $0.37/lb;http://www.extension.iastate.edu/agdm/crops/html/a1-22.html;291
12;Switchgrass;;5;Annual after yr1;Operational;Inputs;Fertilizer - P;$2.87 ;;Ag Decision Maker, based on 2007 Iowa Farm Custom Rate Survey 1.94lb @ $0.37/lb;http://www.extension.iastate.edu/agdm/crops/html/a1-22.html;292
12;Switchgrass;;6;Annual after yr1;Operational;Inputs;Fertilizer - P;$2.87 ;;Ag Decision Maker, based on 2007 Iowa Farm Custom Rate Survey 1.94lb @ $0.37/lb;http://www.extension.iastate.edu/agdm/crops/html/a1-22.html;293
12;Switchgrass;;7;Annual after yr1;Operational;Inputs;Fertilizer - P;$2.87 ;;Ag Decision Maker, based on 2007 Iowa Farm Custom Rate Survey 1.94lb @ $0.37/lb;http://www.extension.iastate.edu/agdm/crops/html/a1-22.html;294
12;Switchgrass;;8;Annual after yr1;Operational;Inputs;Fertilizer - P;$2.87 ;;Ag Decision Maker, based on 2007 Iowa Farm Custom Rate Survey 1.94lb @ $0.37/lb;http://www.extension.iastate.edu/agdm/crops/html/a1-22.html;295
12;Switchgrass;;9;Annual after yr1;Operational;Inputs;Fertilizer - P;$2.87 ;;Ag Decision Maker, based on 2007 Iowa Farm Custom Rate Survey 1.94lb @ $0.37/lb;http://www.extension.iastate.edu/agdm/crops/html/a1-22.html;296
12;Switchgrass;;10;Annual after yr1;Operational;Inputs;Fertilizer - P;$2.87 ;;Ag Decision Maker, based on 2007 Iowa Farm Custom Rate Survey 1.94lb @ $0.37/lb;http://www.extension.iastate.edu/agdm/crops/html/a1-22.html;297
12;Switchgrass;;11;Annual after yr1;Operational;Inputs;Fertilizer - P;$2.87 ;;Ag Decision Maker, based on 2007 Iowa Farm Custom Rate Survey 1.94lb @ $0.37/lb;http://www.extension.iastate.edu/agdm/crops/html/a1-22.html;298
12;Switchgrass;;2;Annual after yr1;Operational;Inputs;Fertilizer - K;$20.98 ;;Ag Decision Maker, based on 2007 Iowa Farm Custom Rate Survey 22.8lb @ $0.23/lb;http://www.extension.iastate.edu/agdm/crops/html/a1-22.html;299
12;Switchgrass;;3;Annual after yr1;Operational;Inputs;Fertilizer - K;$20.98 ;;Ag Decision Maker, based on 2007 Iowa Farm Custom Rate Survey 22.8lb @ $0.23/lb;http://www.extension.iastate.edu/agdm/crops/html/a1-22.html;300
12;Switchgrass;;4;Annual after yr1;Operational;Inputs;Fertilizer - K;$20.98 ;;Ag Decision Maker, based on 2007 Iowa Farm Custom Rate Survey 22.8lb @ $0.23/lb;http://www.extension.iastate.edu/agdm/crops/html/a1-22.html;301
12;Switchgrass;;5;Annual after yr1;Operational;Inputs;Fertilizer - K;$20.98 ;;Ag Decision Maker, based on 2007 Iowa Farm Custom Rate Survey 22.8lb @ $0.23/lb;http://www.extension.iastate.edu/agdm/crops/html/a1-22.html;302
12;Switchgrass;;6;Annual after yr1;Operational;Inputs;Fertilizer - K;$20.98 ;;Ag Decision Maker, based on 2007 Iowa Farm Custom Rate Survey 22.8lb @ $0.23/lb;http://www.extension.iastate.edu/agdm/crops/html/a1-22.html;303
12;Switchgrass;;7;Annual after yr1;Operational;Inputs;Fertilizer - K;$20.98 ;;Ag Decision Maker, based on 2007 Iowa Farm Custom Rate Survey 22.8lb @ $0.23/lb;http://www.extension.iastate.edu/agdm/crops/html/a1-22.html;304
12;Switchgrass;;8;Annual after yr1;Operational;Inputs;Fertilizer - K;$20.98 ;;Ag Decision Maker, based on 2007 Iowa Farm Custom Rate Survey 22.8lb @ $0.23/lb;http://www.extension.iastate.edu/agdm/crops/html/a1-22.html;305
12;Switchgrass;;9;Annual after yr1;Operational;Inputs;Fertilizer - K;$20.98 ;;Ag Decision Maker, based on 2007 Iowa Farm Custom Rate Survey 22.8lb @ $0.23/lb;http://www.extension.iastate.edu/agdm/crops/html/a1-22.html;306
12;Switchgrass;;10;Annual after yr1;Operational;Inputs;Fertilizer - K;$20.98 ;;Ag Decision Maker, based on 2007 Iowa Farm Custom Rate Survey 22.8lb @ $0.23/lb;http://www.extension.iastate.edu/agdm/crops/html/a1-22.html;307
12;Switchgrass;;11;Annual after yr1;Operational;Inputs;Fertilizer - K;$20.98 ;;Ag Decision Maker, based on 2007 Iowa Farm Custom Rate Survey 22.8lb @ $0.23/lb;http://www.extension.iastate.edu/agdm/crops/html/a1-22.html;308
12;Switchgrass;;2;Annual after yr1;Operational;Inputs;Herbicides;$7.74 ;;Ag Decision Maker, based on 2007 Iowa Farm Custom Rate SurveyPursuit+ 3 oz @ $53/gal, MSO 32 oz @ $1.75/pt2,4D 1.5 pts @ $16/gal;http://www.extension.iastate.edu/agdm/crops/html/a1-22.html;309
12;Switchgrass;;3;Annual after yr1;Operational;Inputs;Herbicides;$7.74 ;;Ag Decision Maker, based on 2007 Iowa Farm Custom Rate SurveyPursuit+ 3 oz @ $53/gal, MSO 32 oz @ $1.75/pt2,4D 1.5 pts @ $16/gal;http://www.extension.iastate.edu/agdm/crops/html/a1-22.html;310
12;Switchgrass;;4;Annual after yr1;Operational;Inputs;Herbicides;$7.74 ;;Ag Decision Maker, based on 2007 Iowa Farm Custom Rate SurveyPursuit+ 3 oz @ $53/gal, MSO 32 oz @ $1.75/pt2,4D 1.5 pts @ $16/gal;http://www.extension.iastate.edu/agdm/crops/html/a1-22.html;311
12;Switchgrass;;5;Annual after yr1;Operational;Inputs;Herbicides;$7.74 ;;Ag Decision Maker, based on 2007 Iowa Farm Custom Rate SurveyPursuit+ 3 oz @ $53/gal, MSO 32 oz @ $1.75/pt2,4D 1.5 pts @ $16/gal;http://www.extension.iastate.edu/agdm/crops/html/a1-22.html;312
12;Switchgrass;;6;Annual after yr1;Operational;Inputs;Herbicides;$7.74 ;;Ag Decision Maker, based on 2007 Iowa Farm Custom Rate SurveyPursuit+ 3 oz @ $53/gal, MSO 32 oz @ $1.75/pt2,4D 1.5 pts @ $16/gal;http://www.extension.iastate.edu/agdm/crops/html/a1-22.html;313
12;Switchgrass;;7;Annual after yr1;Operational;Inputs;Herbicides;$7.74 ;;Ag Decision Maker, based on 2007 Iowa Farm Custom Rate SurveyPursuit+ 3 oz @ $53/gal, MSO 32 oz @ $1.75/pt2,4D 1.5 pts @ $16/gal;http://www.extension.iastate.edu/agdm/crops/html/a1-22.html;314
12;Switchgrass;;8;Annual after yr1;Operational;Inputs;Herbicides;$7.74 ;;Ag Decision Maker, based on 2007 Iowa Farm Custom Rate SurveyPursuit+ 3 oz @ $53/gal, MSO 32 oz @ $1.75/pt2,4D 1.5 pts @ $16/gal;http://www.extension.iastate.edu/agdm/crops/html/a1-22.html;315
12;Switchgrass;;9;Annual after yr1;Operational;Inputs;Herbicides;$7.74 ;;Ag Decision Maker, based on 2007 Iowa Farm Custom Rate SurveyPursuit+ 3 oz @ $53/gal, MSO 32 oz @ $1.75/pt2,4D 1.5 pts @ $16/gal;http://www.extension.iastate.edu/agdm/crops/html/a1-22.html;316
12;Switchgrass;;10;Annual after yr1;Operational;Inputs;Herbicides;$7.74 ;;Ag Decision Maker, based on 2007 Iowa Farm Custom Rate SurveyPursuit+ 3 oz @ $53/gal, MSO 32 oz @ $1.75/pt2,4D 1.5 pts @ $16/gal;http://www.extension.iastate.edu/agdm/crops/html/a1-22.html;317
12;Switchgrass;;11;Annual after yr1;Operational;Inputs;Herbicides;$7.74 ;;Ag Decision Maker, based on 2007 Iowa Farm Custom Rate SurveyPursuit+ 3 oz @ $53/gal, MSO 32 oz @ $1.75/pt2,4D 1.5 pts @ $16/gal;http://www.extension.iastate.edu/agdm/crops/html/a1-22.html;318
12;Switchgrass;;2;Annual after yr1;Preharvest;Custom Labor;Liquid N application;$4.80 ;;Ag Decision Maker, based on 2007 Iowa Farm Custom Rate Survey;http://www.extension.iastate.edu/agdm/crops/html/a1-22.html;319
12;Switchgrass;;3;Annual after yr1;Preharvest;Custom Labor;Liquid N application;$4.80 ;;Ag Decision Maker, based on 2007 Iowa Farm Custom Rate Survey;http://www.extension.iastate.edu/agdm/crops/html/a1-22.html;320
12;Switchgrass;;4;Annual after yr1;Preharvest;Custom Labor;Liquid N application;$4.80 ;;Ag Decision Maker, based on 2007 Iowa Farm Custom Rate Survey;http://www.extension.iastate.edu/agdm/crops/html/a1-22.html;321
12;Switchgrass;;5;Annual after yr1;Preharvest;Custom Labor;Liquid N application;$4.80 ;;Ag Decision Maker, based on 2007 Iowa Farm Custom Rate Survey;http://www.extension.iastate.edu/agdm/crops/html/a1-22.html;322
12;Switchgrass;;6;Annual after yr1;Preharvest;Custom Labor;Liquid N application;$4.80 ;;Ag Decision Maker, based on 2007 Iowa Farm Custom Rate Survey;http://www.extension.iastate.edu/agdm/crops/html/a1-22.html;323
12;Switchgrass;;7;Annual after yr1;Preharvest;Custom Labor;Liquid N application;$4.80 ;;Ag Decision Maker, based on 2007 Iowa Farm Custom Rate Survey;http://www.extension.iastate.edu/agdm/crops/html/a1-22.html;324
12;Switchgrass;;8;Annual after yr1;Preharvest;Custom Labor;Liquid N application;$4.80 ;;Ag Decision Maker, based on 2007 Iowa Farm Custom Rate Survey;http://www.extension.iastate.edu/agdm/crops/html/a1-22.html;325
12;Switchgrass;;9;Annual after yr1;Preharvest;Custom Labor;Liquid N application;$4.80 ;;Ag Decision Maker, based on 2007 Iowa Farm Custom Rate Survey;http://www.extension.iastate.edu/agdm/crops/html/a1-22.html;326
12;Switchgrass;;10;Annual after yr1;Preharvest;Custom Labor;Liquid N application;$4.80 ;;Ag Decision Maker, based on 2007 Iowa Farm Custom Rate Survey;http://www.extension.iastate.edu/agdm/crops/html/a1-22.html;327
12;Switchgrass;;11;Annual after yr1;Preharvest;Custom Labor;Liquid N application;$4.80 ;;Ag Decision Maker, based on 2007 Iowa Farm Custom Rate Survey;http://www.extension.iastate.edu/agdm/crops/html/a1-22.html;328
12;Switchgrass;;2;Annual after yr1;Preharvest;Custom Labor;Bulk fertilizer spreader;$3.20 ;;Ag Decision Maker, based on 2007 Iowa Farm Custom Rate Survey;http://www.extension.iastate.edu/agdm/crops/html/a1-22.html;329
12;Switchgrass;;3;Annual after yr1;Preharvest;Custom Labor;Bulk fertilizer spreader;$3.20 ;;Ag Decision Maker, based on 2007 Iowa Farm Custom Rate Survey;http://www.extension.iastate.edu/agdm/crops/html/a1-22.html;330
12;Switchgrass;;4;Annual after yr1;Preharvest;Custom Labor;Bulk fertilizer spreader;$3.20 ;;Ag Decision Maker, based on 2007 Iowa Farm Custom Rate Survey;http://www.extension.iastate.edu/agdm/crops/html/a1-22.html;331
12;Switchgrass;;5;Annual after yr1;Preharvest;Custom Labor;Bulk fertilizer spreader;$3.20 ;;Ag Decision Maker, based on 2007 Iowa Farm Custom Rate Survey;http://www.extension.iastate.edu/agdm/crops/html/a1-22.html;332
12;Switchgrass;;6;Annual after yr1;Preharvest;Custom Labor;Bulk fertilizer spreader;$3.20 ;;Ag Decision Maker, based on 2007 Iowa Farm Custom Rate Survey;http://www.extension.iastate.edu/agdm/crops/html/a1-22.html;333
12;Switchgrass;;7;Annual after yr1;Preharvest;Custom Labor;Bulk fertilizer spreader;$3.20 ;;Ag Decision Maker, based on 2007 Iowa Farm Custom Rate Survey;http://www.extension.iastate.edu/agdm/crops/html/a1-22.html;334
12;Switchgrass;;8;Annual after yr1;Preharvest;Custom Labor;Bulk fertilizer spreader;$3.20 ;;Ag Decision Maker, based on 2007 Iowa Farm Custom Rate Survey;http://www.extension.iastate.edu/agdm/crops/html/a1-22.html;335
12;Switchgrass;;9;Annual after yr1;Preharvest;Custom Labor;Bulk fertilizer spreader;$3.20 ;;Ag Decision Maker, based on 2007 Iowa Farm Custom Rate Survey;http://www.extension.iastate.edu/agdm/crops/html/a1-22.html;336
12;Switchgrass;;10;Annual after yr1;Preharvest;Custom Labor;Bulk fertilizer spreader;$3.20 ;;Ag Decision Maker, based on 2007 Iowa Farm Custom Rate Survey;http://www.extension.iastate.edu/agdm/crops/html/a1-22.html;337
12;Switchgrass;;11;Annual after yr1;Preharvest;Custom Labor;Bulk fertilizer spreader;$3.20 ;;Ag Decision Maker, based on 2007 Iowa Farm Custom Rate Survey;http://www.extension.iastate.edu/agdm/crops/html/a1-22.html;338
12;Switchgrass;;2;Annual after yr1;Preharvest;Custom Labor;Sprayer;$5.15 ;;Ag Decision Maker, based on 2007 Iowa Farm Custom Rate Survey;http://www.extension.iastate.edu/agdm/crops/html/a1-22.html;339
12;Switchgrass;;3;Annual after yr1;Preharvest;Custom Labor;Sprayer;$5.15 ;;Ag Decision Maker, based on 2007 Iowa Farm Custom Rate Survey;http://www.extension.iastate.edu/agdm/crops/html/a1-22.html;340
12;Switchgrass;;4;Annual after yr1;Preharvest;Custom Labor;Sprayer;$5.15 ;;Ag Decision Maker, based on 2007 Iowa Farm Custom Rate Survey;http://www.extension.iastate.edu/agdm/crops/html/a1-22.html;341
12;Switchgrass;;5;Annual after yr1;Preharvest;Custom Labor;Sprayer;$5.15 ;;Ag Decision Maker, based on 2007 Iowa Farm Custom Rate Survey;http://www.extension.iastate.edu/agdm/crops/html/a1-22.html;342
12;Switchgrass;;6;Annual after yr1;Preharvest;Custom Labor;Sprayer;$5.15 ;;Ag Decision Maker, based on 2007 Iowa Farm Custom Rate Survey;http://www.extension.iastate.edu/agdm/crops/html/a1-22.html;343
12;Switchgrass;;7;Annual after yr1;Preharvest;Custom Labor;Sprayer;$5.15 ;;Ag Decision Maker, based on 2007 Iowa Farm Custom Rate Survey;http://www.extension.iastate.edu/agdm/crops/html/a1-22.html;344
12;Switchgrass;;8;Annual after yr1;Preharvest;Custom Labor;Sprayer;$5.15 ;;Ag Decision Maker, based on 2007 Iowa Farm Custom Rate Survey;http://www.extension.iastate.edu/agdm/crops/html/a1-22.html;345
12;Switchgrass;;9;Annual after yr1;Preharvest;Custom Labor;Sprayer;$5.15 ;;Ag Decision Maker, based on 2007 Iowa Farm Custom Rate Survey;http://www.extension.iastate.edu/agdm/crops/html/a1-22.html;346
12;Switchgrass;;10;Annual after yr1;Preharvest;Custom Labor;Sprayer;$5.15 ;;Ag Decision Maker, based on 2007 Iowa Farm Custom Rate Survey;http://www.extension.iastate.edu/agdm/crops/html/a1-22.html;347
12;Switchgrass;;11;Annual after yr1;Preharvest;Custom Labor;Sprayer;$5.15 ;;Ag Decision Maker, based on 2007 Iowa Farm Custom Rate Survey;http://www.extension.iastate.edu/agdm/crops/html/a1-22.html;348
12;Switchgrass;;2;Annual after yr1;Harvest;Custom Labor;Mow/conditioning;$10.75 ;;Ag Decision Maker, based on 2007 Iowa Farm Custom Rate Survey;http://www.extension.iastate.edu/agdm/crops/html/a1-22.html;349
12;Switchgrass;;3;Annual after yr1;Harvest;Custom Labor;Mow/conditioning;$10.75 ;;Ag Decision Maker, based on 2007 Iowa Farm Custom Rate Survey;http://www.extension.iastate.edu/agdm/crops/html/a1-22.html;350
12;Switchgrass;;4;Annual after yr1;Harvest;Custom Labor;Mow/conditioning;$10.75 ;;Ag Decision Maker, based on 2007 Iowa Farm Custom Rate Survey;http://www.extension.iastate.edu/agdm/crops/html/a1-22.html;351
12;Switchgrass;;5;Annual after yr1;Harvest;Custom Labor;Mow/conditioning;$10.75 ;;Ag Decision Maker, based on 2007 Iowa Farm Custom Rate Survey;http://www.extension.iastate.edu/agdm/crops/html/a1-22.html;352
12;Switchgrass;;6;Annual after yr1;Harvest;Custom Labor;Mow/conditioning;$10.75 ;;Ag Decision Maker, based on 2007 Iowa Farm Custom Rate Survey;http://www.extension.iastate.edu/agdm/crops/html/a1-22.html;353
12;Switchgrass;;7;Annual after yr1;Harvest;Custom Labor;Mow/conditioning;$10.75 ;;Ag Decision Maker, based on 2007 Iowa Farm Custom Rate Survey;http://www.extension.iastate.edu/agdm/crops/html/a1-22.html;354
12;Switchgrass;;8;Annual after yr1;Harvest;Custom Labor;Mow/conditioning;$10.75 ;;Ag Decision Maker, based on 2007 Iowa Farm Custom Rate Survey;http://www.extension.iastate.edu/agdm/crops/html/a1-22.html;355
12;Switchgrass;;9;Annual after yr1;Harvest;Custom Labor;Mow/conditioning;$10.75 ;;Ag Decision Maker, based on 2007 Iowa Farm Custom Rate Survey;http://www.extension.iastate.edu/agdm/crops/html/a1-22.html;356
12;Switchgrass;;10;Annual after yr1;Harvest;Custom Labor;Mow/conditioning;$10.75 ;;Ag Decision Maker, based on 2007 Iowa Farm Custom Rate Survey;http://www.extension.iastate.edu/agdm/crops/html/a1-22.html;357
12;Switchgrass;;11;Annual after yr1;Harvest;Custom Labor;Mow/conditioning;$10.75 ;;Ag Decision Maker, based on 2007 Iowa Farm Custom Rate Survey;http://www.extension.iastate.edu/agdm/crops/html/a1-22.html;358
12;Switchgrass;;2;Annual after yr1;Harvest;Custom Labor;Rake;$5.30 ;;Ag Decision Maker, based on 2007 Iowa Farm Custom Rate Survey;http://www.extension.iastate.edu/agdm/crops/html/a1-22.html;359
12;Switchgrass;;3;Annual after yr1;Harvest;Custom Labor;Rake;$5.30 ;;Ag Decision Maker, based on 2007 Iowa Farm Custom Rate Survey;http://www.extension.iastate.edu/agdm/crops/html/a1-22.html;360
12;Switchgrass;;4;Annual after yr1;Harvest;Custom Labor;Rake;$5.30 ;;Ag Decision Maker, based on 2007 Iowa Farm Custom Rate Survey;http://www.extension.iastate.edu/agdm/crops/html/a1-22.html;361
12;Switchgrass;;5;Annual after yr1;Harvest;Custom Labor;Rake;$5.30 ;;Ag Decision Maker, based on 2007 Iowa Farm Custom Rate Survey;http://www.extension.iastate.edu/agdm/crops/html/a1-22.html;362
12;Switchgrass;;6;Annual after yr1;Harvest;Custom Labor;Rake;$5.30 ;;Ag Decision Maker, based on 2007 Iowa Farm Custom Rate Survey;http://www.extension.iastate.edu/agdm/crops/html/a1-22.html;363
12;Switchgrass;;7;Annual after yr1;Harvest;Custom Labor;Rake;$5.30 ;;Ag Decision Maker, based on 2007 Iowa Farm Custom Rate Survey;http://www.extension.iastate.edu/agdm/crops/html/a1-22.html;364
12;Switchgrass;;8;Annual after yr1;Harvest;Custom Labor;Rake;$5.30 ;;Ag Decision Maker, based on 2007 Iowa Farm Custom Rate Survey;http://www.extension.iastate.edu/agdm/crops/html/a1-22.html;365
12;Switchgrass;;9;Annual after yr1;Harvest;Custom Labor;Rake;$5.30 ;;Ag Decision Maker, based on 2007 Iowa Farm Custom Rate Survey;http://www.extension.iastate.edu/agdm/crops/html/a1-22.html;366
12;Switchgrass;;10;Annual after yr1;Harvest;Custom Labor;Rake;$5.30 ;;Ag Decision Maker, based on 2007 Iowa Farm Custom Rate Survey;http://www.extension.iastate.edu/agdm/crops/html/a1-22.html;367
12;Switchgrass;;11;Annual after yr1;Harvest;Custom Labor;Rake;$5.30 ;;Ag Decision Maker, based on 2007 Iowa Farm Custom Rate Survey;http://www.extension.iastate.edu/agdm/crops/html/a1-22.html;368
12;Switchgrass;;2;Annual after yr1;Harvest;Custom Labor;Baling: large square ($10.70 bale);$90.11 ;;Ag Decision Maker, based on 2007 Iowa Farm Custom Rate Survey $10.70/bale;http://www.extension.iastate.edu/agdm/crops/html/a1-22.html;369
12;Switchgrass;;3;Annual after yr1;Harvest;Custom Labor;Baling: large square ($10.70 bale);$90.11 ;;Ag Decision Maker, based on 2007 Iowa Farm Custom Rate Survey $10.70/bale;http://www.extension.iastate.edu/agdm/crops/html/a1-22.html;370
12;Switchgrass;;4;Annual after yr1;Harvest;Custom Labor;Baling: large square ($10.70 bale);$90.11 ;;Ag Decision Maker, based on 2007 Iowa Farm Custom Rate Survey $10.70/bale;http://www.extension.iastate.edu/agdm/crops/html/a1-22.html;371
12;Switchgrass;;5;Annual after yr1;Harvest;Custom Labor;Baling: large square ($10.70 bale);$90.11 ;;Ag Decision Maker, based on 2007 Iowa Farm Custom Rate Survey $10.70/bale;http://www.extension.iastate.edu/agdm/crops/html/a1-22.html;372
12;Switchgrass;;6;Annual after yr1;Harvest;Custom Labor;Baling: large square ($10.70 bale);$90.11 ;;Ag Decision Maker, based on 2007 Iowa Farm Custom Rate Survey $10.70/bale;http://www.extension.iastate.edu/agdm/crops/html/a1-22.html;373
12;Switchgrass;;7;Annual after yr1;Harvest;Custom Labor;Baling: large square ($10.70 bale);$90.11 ;;Ag Decision Maker, based on 2007 Iowa Farm Custom Rate Survey $10.70/bale;http://www.extension.iastate.edu/agdm/crops/html/a1-22.html;374
12;Switchgrass;;8;Annual after yr1;Harvest;Custom Labor;Baling: large square ($10.70 bale);$90.11 ;;Ag Decision Maker, based on 2007 Iowa Farm Custom Rate Survey $10.70/bale;http://www.extension.iastate.edu/agdm/crops/html/a1-22.html;375
12;Switchgrass;;9;Annual after yr1;Harvest;Custom Labor;Baling: large square ($10.70 bale);$90.11 ;;Ag Decision Maker, based on 2007 Iowa Farm Custom Rate Survey $10.70/bale;http://www.extension.iastate.edu/agdm/crops/html/a1-22.html;376
12;Switchgrass;;10;Annual after yr1;Harvest;Custom Labor;Baling: large square ($10.70 bale);$90.11 ;;Ag Decision Maker, based on 2007 Iowa Farm Custom Rate Survey $10.70/bale;http://www.extension.iastate.edu/agdm/crops/html/a1-22.html;377
12;Switchgrass;;11;Annual after yr1;Harvest;Custom Labor;Baling: large square ($10.70 bale);$90.11 ;;Ag Decision Maker, based on 2007 Iowa Farm Custom Rate Survey $10.70/bale;http://www.extension.iastate.edu/agdm/crops/html/a1-22.html;378
12;Switchgrass;;2;Annual after yr1;Harvest;Custom Labor;Staging;$23.16 ;;Ag Decision Maker, based on 2007 Iowa Farm Custom Rate Survey $2.75/bale;http://www.extension.iastate.edu/agdm/crops/html/a1-22.html;379
12;Switchgrass;;3;Annual after yr1;Harvest;Custom Labor;Staging;$23.16 ;;Ag Decision Maker, based on 2007 Iowa Farm Custom Rate Survey $2.75/bale;http://www.extension.iastate.edu/agdm/crops/html/a1-22.html;380
12;Switchgrass;;4;Annual after yr1;Harvest;Custom Labor;Staging;$23.16 ;;Ag Decision Maker, based on 2007 Iowa Farm Custom Rate Survey $2.75/bale;http://www.extension.iastate.edu/agdm/crops/html/a1-22.html;381
12;Switchgrass;;5;Annual after yr1;Harvest;Custom Labor;Staging;$23.16 ;;Ag Decision Maker, based on 2007 Iowa Farm Custom Rate Survey $2.75/bale;http://www.extension.iastate.edu/agdm/crops/html/a1-22.html;382
12;Switchgrass;;6;Annual after yr1;Harvest;Custom Labor;Staging;$23.16 ;;Ag Decision Maker, based on 2007 Iowa Farm Custom Rate Survey $2.75/bale;http://www.extension.iastate.edu/agdm/crops/html/a1-22.html;383
12;Switchgrass;;7;Annual after yr1;Harvest;Custom Labor;Staging;$23.16 ;;Ag Decision Maker, based on 2007 Iowa Farm Custom Rate Survey $2.75/bale;http://www.extension.iastate.edu/agdm/crops/html/a1-22.html;384
12;Switchgrass;;8;Annual after yr1;Harvest;Custom Labor;Staging;$23.16 ;;Ag Decision Maker, based on 2007 Iowa Farm Custom Rate Survey $2.75/bale;http://www.extension.iastate.edu/agdm/crops/html/a1-22.html;385
12;Switchgrass;;9;Annual after yr1;Harvest;Custom Labor;Staging;$23.16 ;;Ag Decision Maker, based on 2007 Iowa Farm Custom Rate Survey $2.75/bale;http://www.extension.iastate.edu/agdm/crops/html/a1-22.html;386
12;Switchgrass;;10;Annual after yr1;Harvest;Custom Labor;Staging;$23.16 ;;Ag Decision Maker, based on 2007 Iowa Farm Custom Rate Survey $2.75/bale;http://www.extension.iastate.edu/agdm/crops/html/a1-22.html;387
12;Switchgrass;;11;Annual after yr1;Harvest;Custom Labor;Staging;$23.16 ;;Ag Decision Maker, based on 2007 Iowa Farm Custom Rate Survey $2.75/bale;http://www.extension.iastate.edu/agdm/crops/html/a1-22.html;388
12;Switchgrass;;2;Annual after yr1;Other;Custom Labor;Storage;$16.67 ;;Ag Decision Maker, based on 2007 Iowa Farm Custom Rate Survey Assumes used for ethanol, therefore MUST be storage indoors.;http://www.extension.iastate.edu/agdm/crops/html/a1-22.html;389
12;Switchgrass;;3;Annual after yr1;Other;Custom Labor;Storage;$16.67 ;;Ag Decision Maker, based on 2007 Iowa Farm Custom Rate Survey Assumes used for ethanol, therefore MUST be storage indoors.;http://www.extension.iastate.edu/agdm/crops/html/a1-22.html;390
12;Switchgrass;;4;Annual after yr1;Other;Custom Labor;Storage;$16.67 ;;Ag Decision Maker, based on 2007 Iowa Farm Custom Rate Survey Assumes used for ethanol, therefore MUST be storage indoors.;http://www.extension.iastate.edu/agdm/crops/html/a1-22.html;391
12;Switchgrass;;5;Annual after yr1;Other;Custom Labor;Storage;$16.67 ;;Ag Decision Maker, based on 2007 Iowa Farm Custom Rate Survey Assumes used for ethanol, therefore MUST be storage indoors.;http://www.extension.iastate.edu/agdm/crops/html/a1-22.html;392
12;Switchgrass;;6;Annual after yr1;Other;Custom Labor;Storage;$16.67 ;;Ag Decision Maker, based on 2007 Iowa Farm Custom Rate Survey Assumes used for ethanol, therefore MUST be storage indoors.;http://www.extension.iastate.edu/agdm/crops/html/a1-22.html;393
12;Switchgrass;;7;Annual after yr1;Other;Custom Labor;Storage;$16.67 ;;Ag Decision Maker, based on 2007 Iowa Farm Custom Rate Survey Assumes used for ethanol, therefore MUST be storage indoors.;http://www.extension.iastate.edu/agdm/crops/html/a1-22.html;394
12;Switchgrass;;8;Annual after yr1;Other;Custom Labor;Storage;$16.67 ;;Ag Decision Maker, based on 2007 Iowa Farm Custom Rate Survey Assumes used for ethanol, therefore MUST be storage indoors.;http://www.extension.iastate.edu/agdm/crops/html/a1-22.html;395
12;Switchgrass;;9;Annual after yr1;Other;Custom Labor;Storage;$16.67 ;;Ag Decision Maker, based on 2007 Iowa Farm Custom Rate Survey Assumes used for ethanol, therefore MUST be storage indoors.;http://www.extension.iastate.edu/agdm/crops/html/a1-22.html;396
12;Switchgrass;;10;Annual after yr1;Other;Custom Labor;Storage;$16.67 ;;Ag Decision Maker, based on 2007 Iowa Farm Custom Rate Survey Assumes used for ethanol, therefore MUST be storage indoors.;http://www.extension.iastate.edu/agdm/crops/html/a1-22.html;397
12;Switchgrass;;11;Annual after yr1;Other;Custom Labor;Storage;$16.67 ;;Ag Decision Maker, based on 2007 Iowa Farm Custom Rate Survey Assumes used for ethanol, therefore MUST be storage indoors.;http://www.extension.iastate.edu/agdm/crops/html/a1-22.html;398
12;Switchgrass;;2;Annual after yr1;Transport;Custom Labor;Field to Storage;$121.98 ;;Ag Decision Maker, based on 2007 Iowa Farm Custom Rate Survey Truck costs - $86.33 Loader costs (labor, tractor, and fuel) - $35.65;http://www.extension.iastate.edu/agdm/crops/html/a1-22.html;399
12;Switchgrass;;3;Annual after yr1;Transport;Custom Labor;Field to Storage;$121.98 ;;Ag Decision Maker, based on 2007 Iowa Farm Custom Rate Survey Truck costs - $86.33 Loader costs (labor, tractor, and fuel) - $35.65;http://www.extension.iastate.edu/agdm/crops/html/a1-22.html;400
12;Switchgrass;;4;Annual after yr1;Transport;Custom Labor;Field to Storage;$121.98 ;;Ag Decision Maker, based on 2007 Iowa Farm Custom Rate Survey Truck costs - $86.33 Loader costs (labor, tractor, and fuel) - $35.65;http://www.extension.iastate.edu/agdm/crops/html/a1-22.html;401
12;Switchgrass;;5;Annual after yr1;Transport;Custom Labor;Field to Storage;$121.98 ;;Ag Decision Maker, based on 2007 Iowa Farm Custom Rate Survey Truck costs - $86.33 Loader costs (labor, tractor, and fuel) - $35.65;http://www.extension.iastate.edu/agdm/crops/html/a1-22.html;402
12;Switchgrass;;6;Annual after yr1;Transport;Custom Labor;Field to Storage;$121.98 ;;Ag Decision Maker, based on 2007 Iowa Farm Custom Rate Survey Truck costs - $86.33 Loader costs (labor, tractor, and fuel) - $35.65;http://www.extension.iastate.edu/agdm/crops/html/a1-22.html;403
12;Switchgrass;;7;Annual after yr1;Transport;Custom Labor;Field to Storage;$121.98 ;;Ag Decision Maker, based on 2007 Iowa Farm Custom Rate Survey Truck costs - $86.33 Loader costs (labor, tractor, and fuel) - $35.65;http://www.extension.iastate.edu/agdm/crops/html/a1-22.html;404
12;Switchgrass;;8;Annual after yr1;Transport;Custom Labor;Field to Storage;$121.98 ;;Ag Decision Maker, based on 2007 Iowa Farm Custom Rate Survey Truck costs - $86.33 Loader costs (labor, tractor, and fuel) - $35.65;http://www.extension.iastate.edu/agdm/crops/html/a1-22.html;405
12;Switchgrass;;9;Annual after yr1;Transport;Custom Labor;Field to Storage;$121.98 ;;Ag Decision Maker, based on 2007 Iowa Farm Custom Rate Survey Truck costs - $86.33 Loader costs (labor, tractor, and fuel) - $35.65;http://www.extension.iastate.edu/agdm/crops/html/a1-22.html;406
12;Switchgrass;;10;Annual after yr1;Transport;Custom Labor;Field to Storage;$121.98 ;;Ag Decision Maker, based on 2007 Iowa Farm Custom Rate Survey Truck costs - $86.33 Loader costs (labor, tractor, and fuel) - $35.65;http://www.extension.iastate.edu/agdm/crops/html/a1-22.html;407
12;Switchgrass;;11;Annual after yr1;Transport;Custom Labor;Field to Storage;$121.98 ;;Ag Decision Maker, based on 2007 Iowa Farm Custom Rate Survey Truck costs - $86.33 Loader costs (labor, tractor, and fuel) - $35.65;http://www.extension.iastate.edu/agdm/crops/html/a1-22.html;408
12;Switchgrass;;2;Annual after yr1;Transport;Custom Labor;Storage to Plant;$173.06 ;;Ag Decision Maker, based on 2007 Iowa Farm Custom Rate Survey Truck costs - $151.67 Loader cost - 21.39;http://www.extension.iastate.edu/agdm/crops/html/a1-22.html;409
12;Switchgrass;;3;Annual after yr1;Transport;Custom Labor;Storage to Plant;$173.06 ;;Ag Decision Maker, based on 2007 Iowa Farm Custom Rate Survey Truck costs - $151.67 Loader cost - 21.39;http://www.extension.iastate.edu/agdm/crops/html/a1-22.html;410
12;Switchgrass;;4;Annual after yr1;Transport;Custom Labor;Storage to Plant;$173.06 ;;Ag Decision Maker, based on 2007 Iowa Farm Custom Rate Survey Truck costs - $151.67 Loader cost - 21.39;http://www.extension.iastate.edu/agdm/crops/html/a1-22.html;411
12;Switchgrass;;5;Annual after yr1;Transport;Custom Labor;Storage to Plant;$173.06 ;;Ag Decision Maker, based on 2007 Iowa Farm Custom Rate Survey Truck costs - $151.67 Loader cost - 21.39;http://www.extension.iastate.edu/agdm/crops/html/a1-22.html;412
12;Switchgrass;;6;Annual after yr1;Transport;Custom Labor;Storage to Plant;$173.06 ;;Ag Decision Maker, based on 2007 Iowa Farm Custom Rate Survey Truck costs - $151.67 Loader cost - 21.39;http://www.extension.iastate.edu/agdm/crops/html/a1-22.html;413
12;Switchgrass;;7;Annual after yr1;Transport;Custom Labor;Storage to Plant;$173.06 ;;Ag Decision Maker, based on 2007 Iowa Farm Custom Rate Survey Truck costs - $151.67 Loader cost - 21.39;http://www.extension.iastate.edu/agdm/crops/html/a1-22.html;414
12;Switchgrass;;8;Annual after yr1;Transport;Custom Labor;Storage to Plant;$173.06 ;;Ag Decision Maker, based on 2007 Iowa Farm Custom Rate Survey Truck costs - $151.67 Loader cost - 21.39;http://www.extension.iastate.edu/agdm/crops/html/a1-22.html;415
12;Switchgrass;;9;Annual after yr1;Transport;Custom Labor;Storage to Plant;$173.06 ;;Ag Decision Maker, based on 2007 Iowa Farm Custom Rate Survey Truck costs - $151.67 Loader cost - 21.39;http://www.extension.iastate.edu/agdm/crops/html/a1-22.html;416
12;Switchgrass;;10;Annual after yr1;Transport;Custom Labor;Storage to Plant;$173.06 ;;Ag Decision Maker, based on 2007 Iowa Farm Custom Rate Survey Truck costs - $151.67 Loader cost - 21.39;http://www.extension.iastate.edu/agdm/crops/html/a1-22.html;417
12;Switchgrass;;11;Annual after yr1;Transport;Custom Labor;Storage to Plant;$173.06 ;;Ag Decision Maker, based on 2007 Iowa Farm Custom Rate Survey Truck costs - $151.67 Loader cost - 21.39;http://www.extension.iastate.edu/agdm/crops/html/a1-22.html;418
13;Short-rotation Woody Bioenergy;;1;Every 7 years;Establishment;Inputs;Aspen bare root stock (seedlings);$133.26 ;;890 seedlings/hectare => 360.17 seedlings/acre $0.37/seedling;Attached article Manatt et al. 2013 Environ.Res. Lett.;419
13;Short-rotation Woody Bioenergy;;1;Every 7 years;Establishment;Custom Labor;Tree planting;$195.00 ;;$481.85/hectare => $195.00/acre;Attached article Manatt et al. 2013 Environ.Res. Lett.;420
13;Short-rotation Woody Bioenergy;;1;Every 7 years;Establishment;Machinery;Mowing - Machinery Only;$20.20 ;;Based on mower-conditioner  - equipment component only x2 cuts;Attached article Manatt et al. 2013 Environ.Res. Lett.;421
13;Short-rotation Woody Bioenergy;;1;Every 7 years;Establishment;Labor;Mowing - Labor Only;$2.96 ;;Based on mower-conditioner  - consider reevaluting for Iowa custom rates $10/hr, 0.148 hrs/acre, 2 cuts;Attached article Manatt et al. 2013 Environ.Res. Lett.;422
13;Short-rotation Woody Bioenergy;;1;Annual;Maintenance;Inputs;Fertilizer - N;$19.40 ;;34kg/hectare => 13.76kg/acre    @ $1.39/kg;Attached article Manatt et al. 2013 Environ.Res. Lett.;423
13;Short-rotation Woody Bioenergy;;2;Annual;Maintenance;Inputs;Fertilizer - N;$19.40 ;;34kg/hectare => 13.76kg/acre    @ $1.39/kg;Attached article Manatt et al. 2013 Environ.Res. Lett.;424
13;Short-rotation Woody Bioenergy;;3;Annual;Maintenance;Inputs;Fertilizer - N;$19.40 ;;34kg/hectare => 13.76kg/acre    @ $1.39/kg;Attached article Manatt et al. 2013 Environ.Res. Lett.;425
13;Short-rotation Woody Bioenergy;;4;Annual;Maintenance;Inputs;Fertilizer - N;$19.40 ;;34kg/hectare => 13.76kg/acre    @ $1.39/kg;Attached article Manatt et al. 2013 Environ.Res. Lett.;426
13;Short-rotation Woody Bioenergy;;5;Annual;Maintenance;Inputs;Fertilizer - N;$19.40 ;;34kg/hectare => 13.76kg/acre    @ $1.39/kg;Attached article Manatt et al. 2013 Environ.Res. Lett.;427
13;Short-rotation Woody Bioenergy;;6;Annual;Maintenance;Inputs;Fertilizer - N;$19.40 ;;34kg/hectare => 13.76kg/acre    @ $1.39/kg;Attached article Manatt et al. 2013 Environ.Res. Lett.;428
13;Short-rotation Woody Bioenergy;;7;Annual;Maintenance;Inputs;Fertilizer - N;$19.40 ;;34kg/hectare => 13.76kg/acre    @ $1.39/kg;Attached article Manatt et al. 2013 Environ.Res. Lett.;429
13;Short-rotation Woody Bioenergy;;1;Annual;Maintenance;Maintenance;Bulk fertilizer spreader - N - Machinery Only;$3.50 ;;1 application @           $8.65/hectare  =>  $3.5/acre;;430
13;Short-rotation Woody Bioenergy;;2;Annual;Maintenance;Maintenance;Bulk fertilizer spreader - N - Machinery Only;$3.50 ;;1 application @           $8.65/hectare  =>  $3.5/acre;;431
13;Short-rotation Woody Bioenergy;;3;Annual;Maintenance;Maintenance;Bulk fertilizer spreader - N - Machinery Only;$3.50 ;;1 application @           $8.65/hectare  =>  $3.5/acre;;432
13;Short-rotation Woody Bioenergy;;4;Annual;Maintenance;Maintenance;Bulk fertilizer spreader - N - Machinery Only;$3.50 ;;1 application @           $8.65/hectare  =>  $3.5/acre;;433
13;Short-rotation Woody Bioenergy;;5;Annual;Maintenance;Maintenance;Bulk fertilizer spreader - N - Machinery Only;$3.50 ;;1 application @           $8.65/hectare  =>  $3.5/acre;;434
13;Short-rotation Woody Bioenergy;;6;Annual;Maintenance;Maintenance;Bulk fertilizer spreader - N - Machinery Only;$3.50 ;;1 application @           $8.65/hectare  =>  $3.5/acre;;435
13;Short-rotation Woody Bioenergy;;7;Annual;Maintenance;Maintenance;Bulk fertilizer spreader - N - Machinery Only;$3.50 ;;1 application @           $8.65/hectare  =>  $3.5/acre;;436
13;Short-rotation Woody Bioenergy;;1;Annual;Maintenance;Labor;Bulk fertilizer spreader - N - Labor Only;$0.61 ;;1 application @           0.151 hr/hectare  =>  0.0611 hr/acre @  $10/hr;;437
13;Short-rotation Woody Bioenergy;;2;Annual;Maintenance;Labor;Bulk fertilizer spreader - N - Labor Only;$0.61 ;;1 application @           0.151 hr/hectare  =>  0.0611 hr/acre @  $10/hr;;438
13;Short-rotation Woody Bioenergy;;3;Annual;Maintenance;Labor;Bulk fertilizer spreader - N - Labor Only;$0.61 ;;1 application @           0.151 hr/hectare  =>  0.0611 hr/acre @  $10/hr;;439
13;Short-rotation Woody Bioenergy;;4;Annual;Maintenance;Labor;Bulk fertilizer spreader - N - Labor Only;$0.61 ;;1 application @           0.151 hr/hectare  =>  0.0611 hr/acre @  $10/hr;;440
13;Short-rotation Woody Bioenergy;;5;Annual;Maintenance;Labor;Bulk fertilizer spreader - N - Labor Only;$0.61 ;;1 application @           0.151 hr/hectare  =>  0.0611 hr/acre @  $10/hr;;441
13;Short-rotation Woody Bioenergy;;6;Annual;Maintenance;Labor;Bulk fertilizer spreader - N - Labor Only;$0.61 ;;1 application @           0.151 hr/hectare  =>  0.0611 hr/acre @  $10/hr;;442
13;Short-rotation Woody Bioenergy;;7;Annual;Maintenance;Labor;Bulk fertilizer spreader - N - Labor Only;$0.61 ;;1 application @           0.151 hr/hectare  =>  0.0611 hr/acre @  $10/hr;;443
13;Short-rotation Woody Bioenergy;;1;Annual;Constant;Rent;Land Rent;$158.90 ;;Annual rent rate;Attached article Manatt et al. 2013 Environ.Res. Lett.;444
13;Short-rotation Woody Bioenergy;;2;Annual;Constant;Rent;Land Rent;$158.90 ;;Annual rent rate;Attached article Manatt et al. 2013 Environ.Res. Lett.;445
13;Short-rotation Woody Bioenergy;;3;Annual;Constant;Rent;Land Rent;$158.90 ;;Annual rent rate;Attached article Manatt et al. 2013 Environ.Res. Lett.;446
13;Short-rotation Woody Bioenergy;;4;Annual;Constant;Rent;Land Rent;$158.90 ;;Annual rent rate;Attached article Manatt et al. 2013 Environ.Res. Lett.;447
13;Short-rotation Woody Bioenergy;;5;Annual;Constant;Rent;Land Rent;$158.90 ;;Annual rent rate;Attached article Manatt et al. 2013 Environ.Res. Lett.;448
13;Short-rotation Woody Bioenergy;;6;Annual;Constant;Rent;Land Rent;$158.90 ;;Annual rent rate;Attached article Manatt et al. 2013 Environ.Res. Lett.;449
13;Short-rotation Woody Bioenergy;;7;Annual;Constant;Rent;Land Rent;$158.90 ;;Annual rent rate;Attached article Manatt et al. 2013 Environ.Res. Lett.;450
13;Short-rotation Woody Bioenergy;;2;Annual years 2-7;Maintenance;Inputs;Fertilizer - Phosphorus;$31.50 ;;56kg/hectare => 22.66kg/acre    @ $1.39/kg;Attached article Manatt et al. 2013 Environ.Res. Lett.;451
13;Short-rotation Woody Bioenergy;;3;Annual years 2-7;Maintenance;Inputs;Fertilizer - Phosphorus;$31.50 ;;56kg/hectare => 22.66kg/acre    @ $1.39/kg;Attached article Manatt et al. 2013 Environ.Res. Lett.;452
13;Short-rotation Woody Bioenergy;;4;Annual years 2-7;Maintenance;Inputs;Fertilizer - Phosphorus;$31.50 ;;56kg/hectare => 22.66kg/acre    @ $1.39/kg;Attached article Manatt et al. 2013 Environ.Res. Lett.;453
13;Short-rotation Woody Bioenergy;;5;Annual years 2-7;Maintenance;Inputs;Fertilizer - Phosphorus;$31.50 ;;56kg/hectare => 22.66kg/acre    @ $1.39/kg;Attached article Manatt et al. 2013 Environ.Res. Lett.;454
13;Short-rotation Woody Bioenergy;;6;Annual years 2-7;Maintenance;Inputs;Fertilizer - Phosphorus;$31.50 ;;56kg/hectare => 22.66kg/acre    @ $1.39/kg;Attached article Manatt et al. 2013 Environ.Res. Lett.;455
13;Short-rotation Woody Bioenergy;;7;Annual years 2-7;Maintenance;Inputs;Fertilizer - Phosphorus;$31.50 ;;56kg/hectare => 22.66kg/acre    @ $1.39/kg;Attached article Manatt et al. 2013 Environ.Res. Lett.;456
13;Short-rotation Woody Bioenergy;;2;Annual years 2-7;Maintenance;Inputs;Fertilizer - Potassium;$54.84 ;;112kg/hectare => 45.32kg/acre    @ $1.21/kg;Attached article Manatt et al. 2013 Environ.Res. Lett.;457
13;Short-rotation Woody Bioenergy;;3;Annual years 2-7;Maintenance;Inputs;Fertilizer - Potassium;$54.84 ;;112kg/hectare => 45.32kg/acre    @ $1.21/kg;Attached article Manatt et al. 2013 Environ.Res. Lett.;458
13;Short-rotation Woody Bioenergy;;4;Annual years 2-7;Maintenance;Inputs;Fertilizer - Potassium;$54.84 ;;112kg/hectare => 45.32kg/acre    @ $1.21/kg;Attached article Manatt et al. 2013 Environ.Res. Lett.;459
13;Short-rotation Woody Bioenergy;;5;Annual years 2-7;Maintenance;Inputs;Fertilizer - Potassium;$54.84 ;;112kg/hectare => 45.32kg/acre    @ $1.21/kg;Attached article Manatt et al. 2013 Environ.Res. Lett.;460
13;Short-rotation Woody Bioenergy;;6;Annual years 2-7;Maintenance;Inputs;Fertilizer - Potassium;$54.84 ;;112kg/hectare => 45.32kg/acre    @ $1.21/kg;Attached article Manatt et al. 2013 Environ.Res. Lett.;461
13;Short-rotation Woody Bioenergy;;7;Annual years 2-7;Maintenance;Inputs;Fertilizer - Potassium;$54.84 ;;112kg/hectare => 45.32kg/acre    @ $1.21/kg;Attached article Manatt et al. 2013 Environ.Res. Lett.;462
13;Short-rotation Woody Bioenergy;;2;Annual years 2-7;Maintenance;Maintenance;Bulk fertilizer spreader - Phosphorus - Machinery Only;$3.50 ;;1 application @           $8.65/hectare  =>  $3.5/acre;;463
13;Short-rotation Woody Bioenergy;;3;Annual years 2-7;Maintenance;Maintenance;Bulk fertilizer spreader - Phosphorus - Machinery Only;$3.50 ;;1 application @           $8.65/hectare  =>  $3.5/acre;;464
13;Short-rotation Woody Bioenergy;;4;Annual years 2-7;Maintenance;Maintenance;Bulk fertilizer spreader - Phosphorus - Machinery Only;$3.50 ;;1 application @           $8.65/hectare  =>  $3.5/acre;;465
13;Short-rotation Woody Bioenergy;;5;Annual years 2-7;Maintenance;Maintenance;Bulk fertilizer spreader - Phosphorus - Machinery Only;$3.50 ;;1 application @           $8.65/hectare  =>  $3.5/acre;;466
13;Short-rotation Woody Bioenergy;;6;Annual years 2-7;Maintenance;Maintenance;Bulk fertilizer spreader - Phosphorus - Machinery Only;$3.50 ;;1 application @           $8.65/hectare  =>  $3.5/acre;;467
13;Short-rotation Woody Bioenergy;;7;Annual years 2-7;Maintenance;Maintenance;Bulk fertilizer spreader - Phosphorus - Machinery Only;$3.50 ;;1 application @           $8.65/hectare  =>  $3.5/acre;;468
13;Short-rotation Woody Bioenergy;;2;Annual years 2-7;Maintenance;Labor;Bulk fertilizer spreader - Phosphorus - Labor Only;$0.61 ;;1 application @           0.151 hr/hectare  =>  0.0611 hr/acre @  $10/hr;;469
13;Short-rotation Woody Bioenergy;;3;Annual years 2-7;Maintenance;Labor;Bulk fertilizer spreader - Phosphorus - Labor Only;$0.61 ;;1 application @           0.151 hr/hectare  =>  0.0611 hr/acre @  $10/hr;;470
13;Short-rotation Woody Bioenergy;;4;Annual years 2-7;Maintenance;Labor;Bulk fertilizer spreader - Phosphorus - Labor Only;$0.61 ;;1 application @           0.151 hr/hectare  =>  0.0611 hr/acre @  $10/hr;;471
13;Short-rotation Woody Bioenergy;;5;Annual years 2-7;Maintenance;Labor;Bulk fertilizer spreader - Phosphorus - Labor Only;$0.61 ;;1 application @           0.151 hr/hectare  =>  0.0611 hr/acre @  $10/hr;;472
13;Short-rotation Woody Bioenergy;;6;Annual years 2-7;Maintenance;Labor;Bulk fertilizer spreader - Phosphorus - Labor Only;$0.61 ;;1 application @           0.151 hr/hectare  =>  0.0611 hr/acre @  $10/hr;;473
13;Short-rotation Woody Bioenergy;;7;Annual years 2-7;Maintenance;Labor;Bulk fertilizer spreader - Phosphorus - Labor Only;$0.61 ;;1 application @           0.151 hr/hectare  =>  0.0611 hr/acre @  $10/hr;;474
13;Short-rotation Woody Bioenergy;;2;Annual years 2-7;Maintenance;Maintenance;Bulk fertilizer spreader - Potassium - Machinery Only;$3.50 ;;1 application @           $8.65/hectare  =>  $3.5/acre;;475
13;Short-rotation Woody Bioenergy;;3;Annual years 2-7;Maintenance;Maintenance;Bulk fertilizer spreader - Potassium - Machinery Only;$3.50 ;;1 application @           $8.65/hectare  =>  $3.5/acre;;476
13;Short-rotation Woody Bioenergy;;4;Annual years 2-7;Maintenance;Maintenance;Bulk fertilizer spreader - Potassium - Machinery Only;$3.50 ;;1 application @           $8.65/hectare  =>  $3.5/acre;;477
13;Short-rotation Woody Bioenergy;;5;Annual years 2-7;Maintenance;Maintenance;Bulk fertilizer spreader - Potassium - Machinery Only;$3.50 ;;1 application @           $8.65/hectare  =>  $3.5/acre;;478
13;Short-rotation Woody Bioenergy;;6;Annual years 2-7;Maintenance;Maintenance;Bulk fertilizer spreader - Potassium - Machinery Only;$3.50 ;;1 application @           $8.65/hectare  =>  $3.5/acre;;479
13;Short-rotation Woody Bioenergy;;7;Annual years 2-7;Maintenance;Maintenance;Bulk fertilizer spreader - Potassium - Machinery Only;$3.50 ;;1 application @           $8.65/hectare  =>  $3.5/acre;;480
13;Short-rotation Woody Bioenergy;;2;Annual years 2-7;Maintenance;Labor;Bulk fertilizer spreader - Potassium - Labor Only;$0.61 ;;1 application @           0.151 hr/hectare  =>  0.0611 hr/acre @  $10/hr;;481
13;Short-rotation Woody Bioenergy;;3;Annual years 2-7;Maintenance;Labor;Bulk fertilizer spreader - Potassium - Labor Only;$0.61 ;;1 application @           0.151 hr/hectare  =>  0.0611 hr/acre @  $10/hr;;482
13;Short-rotation Woody Bioenergy;;4;Annual years 2-7;Maintenance;Labor;Bulk fertilizer spreader - Potassium - Labor Only;$0.61 ;;1 application @           0.151 hr/hectare  =>  0.0611 hr/acre @  $10/hr;;483
13;Short-rotation Woody Bioenergy;;5;Annual years 2-7;Maintenance;Labor;Bulk fertilizer spreader - Potassium - Labor Only;$0.61 ;;1 application @           0.151 hr/hectare  =>  0.0611 hr/acre @  $10/hr;;484
13;Short-rotation Woody Bioenergy;;6;Annual years 2-7;Maintenance;Labor;Bulk fertilizer spreader - Potassium - Labor Only;$0.61 ;;1 application @           0.151 hr/hectare  =>  0.0611 hr/acre @  $10/hr;;485
13;Short-rotation Woody Bioenergy;;7;Annual years 2-7;Maintenance;Labor;Bulk fertilizer spreader - Potassium - Labor Only;$0.61 ;;1 application @           0.151 hr/hectare  =>  0.0611 hr/acre @  $10/hr;;486
13;Short-rotation Woody Bioenergy;;7;Every 7 years;Harvest;Custom Labor;Feller buncher/forwarder;$0.00 ;;$28.67/dry Mg @ _____ Mg/acre;;487
13;Short-rotation Woody Bioenergy;;7;Every 7 years;Harvest;Custom Labor;Staging (gathering biomass for transport);$0.00 ;;$6.72/Mg @  _____ Mg/acre;;488
13;Short-rotation Woody Bioenergy;;7;Every 7 years;Harvest;Custom Labor;Wood chipping;$0.00 ;;$13.23/Mg @ _____ dry Mg/acre;;489
;;;;;;;;;;;;490
14;Wetland;;1;Every 50 years;Establishment;Labor;Design cost;$647.50 ;;;;491
14;Wetland;;1;Every 50 years;Establishment;Labor;Contract fees;$313.50 ;;;;492
14;Wetland;;1;Every 50 years;Establishment;Labor;Seeding buffer;$3.95 ;;$22.61/hectare   =>   $5.08/acre;;493
14;Wetland;;1;Every 50 years;Establishment;;Seed cost;$468.07 ;;medium cost, per range cited in source;;494
14;Wetland;;1;Every 50 years;Establishment;;Weir plate;$600.00 ;;$30/sqft for 40ft x 5ft sheet pile plate Assumes 1 per 10 acre wetland/grass buffer block;;495
14;Wetland;;1;Every 50 years;Establishment;;Control structure;$212.75 ;;medium cost, per range cited in source;;496
14;Wetland;;1;Every 50 years;Establishment;;Land acquisition;$543.33 ;;raw cost for 10 acres (assumes $13,426 per hectare  =>  $5433.32/acre);;497
14;Wetland;;1;Every year;Maintenance;;Time to manage;$142.47 ;;Spot mowing 10% of buffer area @ 74.13/hectare treated;;498
14;Wetland;;2;Every year;Maintenance;;Time to manage;$142.47 ;;Spot mowing 10% of buffer area @ 74.13/hectare treated;;499
14;Wetland;;3;Every year;Maintenance;;Time to manage;$142.47 ;;Spot mowing 10% of buffer area @ 74.13/hectare treated;;500
14;Wetland;;4;Every year;Maintenance;;Time to manage;$142.47 ;;Spot mowing 10% of buffer area @ 74.13/hectare treated;;501
14;Wetland;;5;Every year;Maintenance;;Time to manage;$142.47 ;;Spot mowing 10% of buffer area @ 74.13/hectare treated;;502
14;Wetland;;6;Every year;Maintenance;;Time to manage;$142.47 ;;Spot mowing 10% of buffer area @ 74.13/hectare treated;;503
14;Wetland;;7;Every year;Maintenance;;Time to manage;$142.47 ;;Spot mowing 10% of buffer area @ 74.13/hectare treated;;504
14;Wetland;;8;Every year;Maintenance;;Time to manage;$142.47 ;;Spot mowing 10% of buffer area @ 74.13/hectare treated;;505
14;Wetland;;9;Every year;Maintenance;;Time to manage;$142.47 ;;Spot mowing 10% of buffer area @ 74.13/hectare treated;;506
14;Wetland;;10;Every year;Maintenance;;Time to manage;$142.47 ;;Spot mowing 10% of buffer area @ 74.13/hectare treated;;507
14;Wetland;;11;Every year;Maintenance;;Time to manage;$142.47 ;;Spot mowing 10% of buffer area @ 74.13/hectare treated;;508
14;Wetland;;12;Every year;Maintenance;;Time to manage;$142.47 ;;Spot mowing 10% of buffer area @ 74.13/hectare treated;;509
14;Wetland;;13;Every year;Maintenance;;Time to manage;$142.47 ;;Spot mowing 10% of buffer area @ 74.13/hectare treated;;510
14;Wetland;;14;Every year;Maintenance;;Time to manage;$142.47 ;;Spot mowing 10% of buffer area @ 74.13/hectare treated;;511
14;Wetland;;15;Every year;Maintenance;;Time to manage;$142.47 ;;Spot mowing 10% of buffer area @ 74.13/hectare treated;;512
14;Wetland;;16;Every year;Maintenance;;Time to manage;$142.47 ;;Spot mowing 10% of buffer area @ 74.13/hectare treated;;513
14;Wetland;;17;Every year;Maintenance;;Time to manage;$142.47 ;;Spot mowing 10% of buffer area @ 74.13/hectare treated;;514
14;Wetland;;18;Every year;Maintenance;;Time to manage;$142.47 ;;Spot mowing 10% of buffer area @ 74.13/hectare treated;;515
14;Wetland;;19;Every year;Maintenance;;Time to manage;$142.47 ;;Spot mowing 10% of buffer area @ 74.13/hectare treated;;516
14;Wetland;;20;Every year;Maintenance;;Time to manage;$142.47 ;;Spot mowing 10% of buffer area @ 74.13/hectare treated;;517
14;Wetland;;21;Every year;Maintenance;;Time to manage;$142.47 ;;Spot mowing 10% of buffer area @ 74.13/hectare treated;;518
14;Wetland;;22;Every year;Maintenance;;Time to manage;$142.47 ;;Spot mowing 10% of buffer area @ 74.13/hectare treated;;519
14;Wetland;;23;Every year;Maintenance;;Time to manage;$142.47 ;;Spot mowing 10% of buffer area @ 74.13/hectare treated;;520
14;Wetland;;24;Every year;Maintenance;;Time to manage;$142.47 ;;Spot mowing 10% of buffer area @ 74.13/hectare treated;;521
14;Wetland;;25;Every year;Maintenance;;Time to manage;$142.47 ;;Spot mowing 10% of buffer area @ 74.13/hectare treated;;522
14;Wetland;;26;Every year;Maintenance;;Time to manage;$142.47 ;;Spot mowing 10% of buffer area @ 74.13/hectare treated;;523
14;Wetland;;27;Every year;Maintenance;;Time to manage;$142.47 ;;Spot mowing 10% of buffer area @ 74.13/hectare treated;;524
14;Wetland;;28;Every year;Maintenance;;Time to manage;$142.47 ;;Spot mowing 10% of buffer area @ 74.13/hectare treated;;525
14;Wetland;;29;Every year;Maintenance;;Time to manage;$142.47 ;;Spot mowing 10% of buffer area @ 74.13/hectare treated;;526
14;Wetland;;30;Every year;Maintenance;;Time to manage;$142.47 ;;Spot mowing 10% of buffer area @ 74.13/hectare treated;;527
14;Wetland;;31;Every year;Maintenance;;Time to manage;$142.47 ;;Spot mowing 10% of buffer area @ 74.13/hectare treated;;528
14;Wetland;;32;Every year;Maintenance;;Time to manage;$142.47 ;;Spot mowing 10% of buffer area @ 74.13/hectare treated;;529
14;Wetland;;33;Every year;Maintenance;;Time to manage;$142.47 ;;Spot mowing 10% of buffer area @ 74.13/hectare treated;;530
14;Wetland;;34;Every year;Maintenance;;Time to manage;$142.47 ;;Spot mowing 10% of buffer area @ 74.13/hectare treated;;531
14;Wetland;;35;Every year;Maintenance;;Time to manage;$142.47 ;;Spot mowing 10% of buffer area @ 74.13/hectare treated;;532
14;Wetland;;36;Every year;Maintenance;;Time to manage;$142.47 ;;Spot mowing 10% of buffer area @ 74.13/hectare treated;;533
14;Wetland;;37;Every year;Maintenance;;Time to manage;$142.47 ;;Spot mowing 10% of buffer area @ 74.13/hectare treated;;534
14;Wetland;;38;Every year;Maintenance;;Time to manage;$142.47 ;;Spot mowing 10% of buffer area @ 74.13/hectare treated;;535
14;Wetland;;39;Every year;Maintenance;;Time to manage;$142.47 ;;Spot mowing 10% of buffer area @ 74.13/hectare treated;;536
14;Wetland;;40;Every year;Maintenance;;Time to manage;$142.47 ;;Spot mowing 10% of buffer area @ 74.13/hectare treated;;537
14;Wetland;;41;Every year;Maintenance;;Time to manage;$142.47 ;;Spot mowing 10% of buffer area @ 74.13/hectare treated;;538
14;Wetland;;42;Every year;Maintenance;;Time to manage;$142.47 ;;Spot mowing 10% of buffer area @ 74.13/hectare treated;;539
14;Wetland;;43;Every year;Maintenance;;Time to manage;$142.47 ;;Spot mowing 10% of buffer area @ 74.13/hectare treated;;540
14;Wetland;;44;Every year;Maintenance;;Time to manage;$142.47 ;;Spot mowing 10% of buffer area @ 74.13/hectare treated;;541
14;Wetland;;45;Every year;Maintenance;;Time to manage;$142.47 ;;Spot mowing 10% of buffer area @ 74.13/hectare treated;;542
14;Wetland;;46;Every year;Maintenance;;Time to manage;$142.47 ;;Spot mowing 10% of buffer area @ 74.13/hectare treated;;543
14;Wetland;;47;Every year;Maintenance;;Time to manage;$142.47 ;;Spot mowing 10% of buffer area @ 74.13/hectare treated;;544
14;Wetland;;48;Every year;Maintenance;;Time to manage;$142.47 ;;Spot mowing 10% of buffer area @ 74.13/hectare treated;;545
14;Wetland;;49;Every year;Maintenance;;Time to manage;$142.47 ;;Spot mowing 10% of buffer area @ 74.13/hectare treated;;546
14;Wetland;;50;Every year;Maintenance;;Time to manage;$142.47 ;;Spot mowing 10% of buffer area @ 74.13/hectare treated;;547
14;Wetland;;40;Every 40 years;Maintenance;;Control structure and weir replacement;$208.58 ;;True present value cost of weir replacement, new structure, and 16 hrs of earth work @ $40/hr;;548
;;;;;;;;;;;;549
15;Mixed Fruits & Vegetables;Green Beans;1;Annual;Establishment;;Green Beans - Assumptions;$0.00 ;;Ag Decision Maker, Specialty Green Beans 4' rows, 100' beds ==== assume 70 beds/acre;http://www.extension.iastate.edu/agdm/decisionaidscd.html;550
15;Mixed Fruits & Vegetables;Green Beans;1;Annual;Establishment;;Seed - Cover Crops - VARIABLE;$31.50 ;;0.6 lbs seed/bed * $0.75/lb seed * 70 beds;http://www.extension.iastate.edu/agdm/decisionaidscd.html;551
15;Mixed Fruits & Vegetables;Green Beans;1;Annual;Establishment;;Seed - VARIABLE;$1,400.00 ;;2 lbs seed/bed * $10/lb seed * 70 beds;http://www.extension.iastate.edu/agdm/decisionaidscd.html;552
15;Mixed Fruits & Vegetables;Green Beans;1;Annual;Establishment;;Fertilization - VARIABLE;$63.00 ;;6 lbs fertilizer/bed * $0.15/lb fert * 70 beds;http://www.extension.iastate.edu/agdm/decisionaidscd.html;553
15;Mixed Fruits & Vegetables;Green Beans;1;Annual;Establishment;;Labor - Cover crop - VARIABLE;$35.00 ;;0.05 hrs/bed * $10/hr * 70 beds;http://www.extension.iastate.edu/agdm/decisionaidscd.html;554
15;Mixed Fruits & Vegetables;Green Beans;1;Annual;Establishment;;Labor - Bed preparation - VARIABLE;$140.00 ;;0.20 hrs/bed * $10/hrs * 70 beds;http://www.extension.iastate.edu/agdm/decisionaidscd.html;555
15;Mixed Fruits & Vegetables;Green Beans;1;Annual;Establishment;;Labor - Fertilizer spreading - VARIABLE;$70.00 ;;0.10 hrs/bed * $10/hr * 70 beds;http://www.extension.iastate.edu/agdm/decisionaidscd.html;556
15;Mixed Fruits & Vegetables;Green Beans;1;Annual;Establishment;;Labor - Planting - VARIABLE;$105.00 ;;0.15 hrs/bed * $10/hr * 70 beds;http://www.extension.iastate.edu/agdm/decisionaidscd.html;557
15;Mixed Fruits & Vegetables;Green Beans;1;Annual;Establishment;;Labor - Irrigation set up - VARIABLE;$175.00 ;;0.25 hrs/bed * $10/hr * 70 beds;http://www.extension.iastate.edu/agdm/decisionaidscd.html;558
15;Mixed Fruits & Vegetables;Green Beans;1;Annual;Establishment;;Labor - Weeding - VARIABLE;$1,400.00 ;;2.00 hrs/bed * $10/hr * 70 beds;http://www.extension.iastate.edu/agdm/decisionaidscd.html;559
15;Mixed Fruits & Vegetables;Green Beans;1;Annual;Harvest;;Harvest - 1 lb bags - VARIABLE;$252.00 ;;120 lbs beans/bed * 1 bag/lb * $0.03/bag * 70 beds;http://www.extension.iastate.edu/agdm/decisionaidscd.html;560
15;Mixed Fruits & Vegetables;Green Beans;1;Annual;Harvest;;Harvest Labor - VARIABLE;$10,500.00 ;;15 hrs/bed * $10/hr * 70 beds;http://www.extension.iastate.edu/agdm/decisionaidscd.html;561
15;Mixed Fruits & Vegetables;Green Beans;1;Annual;Harvest;;Packaging - VARIABLE;$350.00 ;;0.50 hrs/bed * @10/hr * 70 beds;http://www.extension.iastate.edu/agdm/decisionaidscd.html;562
15;Mixed Fruits & Vegetables;Green Beans;1;Annual;Equipment;;Ownership Costs - Irrigation System - FIXED;$79.80 ;;$1.14/bed * 70 beds;http://www.extension.iastate.edu/agdm/decisionaidscd.html;563
15;Mixed Fruits & Vegetables;Green Beans;1;Annual;Equipment;;Ownership Costs - Machinery - FIXED;$499.80 ;;$7.14/bed * 70 beds;http://www.extension.iastate.edu/agdm/decisionaidscd.html;564
15;Mixed Fruits & Vegetables;Green Beans;1;Annual;Land Rent;;Ownership Costs - Land - FIXED;$158.90 ;;$2.27/bed * 70 beds;http://www.extension.iastate.edu/agdm/decisionaidscd.html;565
15;Mixed Fruits & Vegetables;Strawberries;0;Every 3 Years;Establishment - Year 0;;Seed-cover crop;$45.00 ;;75 lbs/acre * $0.60/lb;http://www.extension.iastate.edu/agdm/decisionaidscd.html;566
15;Mixed Fruits & Vegetables;Strawberries;0;Every 3 Years;Establishment - Year 0;;Plants;$500.00 ;;5000 plants * ($100/1000 plants);http://www.extension.iastate.edu/agdm/decisionaidscd.html;567
15;Mixed Fruits & Vegetables;Strawberries;0;Every 3 Years;Establishment - Year 0;;Fertilization;$45.00 ;;300 lbs/acre * $0.15/lb;http://www.extension.iastate.edu/agdm/decisionaidscd.html;568
15;Mixed Fruits & Vegetables;Strawberries;0;Every 3 Years;Establishment - Year 0;;Straw mulch;$315.00 ;;7 large round bales * $45/bale;http://www.extension.iastate.edu/agdm/decisionaidscd.html;569
15;Mixed Fruits & Vegetables;Strawberries;0;Every 3 Years;Establishment - Year 0;;Labor - Cover crop - VARIABLE;$30.00 ;;3 hrs/acre * $10/hr;http://www.extension.iastate.edu/agdm/decisionaidscd.html;570
15;Mixed Fruits & Vegetables;Strawberries;0;Every 3 Years;Establishment - Year 0;;Labor - Land preparation - trench;$10.00 ;;1 hrs/acre * $10/hr;http://www.extension.iastate.edu/agdm/decisionaidscd.html;571
15;Mixed Fruits & Vegetables;Strawberries;0;Every 3 Years;Establishment - Year 0;;Labor - Fertilizer spreading;$10.00 ;;1 hrs/acre * $10/hr;http://www.extension.iastate.edu/agdm/decisionaidscd.html;572
15;Mixed Fruits & Vegetables;Strawberries;0;Every 3 Years;Establishment - Year 0;;Labor - Transplanting;$180.00 ;;18 hrs/acre * $10/hr;http://www.extension.iastate.edu/agdm/decisionaidscd.html;573
15;Mixed Fruits & Vegetables;Strawberries;0;Every 3 Years;Establishment - Year 0;;Labor - Hand Hoeing;$900.00 ;;90 hrs/acre * $10/hr;http://www.extension.iastate.edu/agdm/decisionaidscd.html;574
15;Mixed Fruits & Vegetables;Strawberries;0;Every 3 Years;Establishment - Year 0;;Labor - Pull off blossoms;$20.00 ;;2 hrs/acre * $10/hr;http://www.extension.iastate.edu/agdm/decisionaidscd.html;575
15;Mixed Fruits & Vegetables;Strawberries;0;Every 3 Years;Establishment - Year 0;;Labor - Mulching;$160.00 ;;16 hrs/acre * $10/hr;http://www.extension.iastate.edu/agdm/decisionaidscd.html;576
15;Mixed Fruits & Vegetables;Strawberries;0;Every 3 Years;Establishment - Year 0;;Labor - Irrigation set up;$40.00 ;;4 hrs/acre * $10/hr;http://www.extension.iastate.edu/agdm/decisionaidscd.html;577
15;Mixed Fruits & Vegetables;Strawberries;1;Annual;Production Years 1, 2, 3;;Fertilization;$45.00 ;;300 lbs/acre * $0.15/lb;http://www.extension.iastate.edu/agdm/decisionaidscd.html;578
15;Mixed Fruits & Vegetables;Strawberries;2;Annual;Production Years 1, 2, 3;;Fertilization;$45.00 ;;300 lbs/acre * $0.15/lb;http://www.extension.iastate.edu/agdm/decisionaidscd.html;579
15;Mixed Fruits & Vegetables;Strawberries;3;Annual;Production Years 1, 2, 3;;Fertilization;$45.00 ;;300 lbs/acre * $0.15/lb;http://www.extension.iastate.edu/agdm/decisionaidscd.html;580
15;Mixed Fruits & Vegetables;Strawberries;1;Annual;Production Years 1, 2, 3;;Straw Mulch;$315.00 ;;7 large round bales * $45/bale;http://www.extension.iastate.edu/agdm/decisionaidscd.html;581
15;Mixed Fruits & Vegetables;Strawberries;2;Annual;Production Years 1, 2, 3;;Straw Mulch;$315.00 ;;7 large round bales * $45/bale;http://www.extension.iastate.edu/agdm/decisionaidscd.html;582
15;Mixed Fruits & Vegetables;Strawberries;3;Annual;Production Years 1, 2, 3;;Straw Mulch;$315.00 ;;7 large round bales * $45/bale;http://www.extension.iastate.edu/agdm/decisionaidscd.html;583
15;Mixed Fruits & Vegetables;Strawberries;1;Annual;Production Years 1, 2, 3;;Labor - Remove Mulch;$80.00 ;;8 hrs/acre * $10/hr;http://www.extension.iastate.edu/agdm/decisionaidscd.html;584
15;Mixed Fruits & Vegetables;Strawberries;2;Annual;Production Years 1, 2, 3;;Labor - Remove Mulch;$80.00 ;;8 hrs/acre * $10/hr;http://www.extension.iastate.edu/agdm/decisionaidscd.html;585
15;Mixed Fruits & Vegetables;Strawberries;3;Annual;Production Years 1, 2, 3;;Labor - Remove Mulch;$80.00 ;;8 hrs/acre * $10/hr;http://www.extension.iastate.edu/agdm/decisionaidscd.html;586
15;Mixed Fruits & Vegetables;Strawberries;1;Annual;Production Years 1, 2, 3;;Fertilizer Spreading;$10.00 ;;1 hrs/acre * $10/hr;http://www.extension.iastate.edu/agdm/decisionaidscd.html;587
15;Mixed Fruits & Vegetables;Strawberries;2;Annual;Production Years 1, 2, 3;;Fertilizer Spreading;$10.00 ;;1 hrs/acre * $10/hr;http://www.extension.iastate.edu/agdm/decisionaidscd.html;588
15;Mixed Fruits & Vegetables;Strawberries;3;Annual;Production Years 1, 2, 3;;Fertilizer Spreading;$10.00 ;;1 hrs/acre * $10/hr;http://www.extension.iastate.edu/agdm/decisionaidscd.html;589
15;Mixed Fruits & Vegetables;Strawberries;1;Annual;Production Years 1, 2, 3;;Hand Hoeing;$300.00 ;;30 hrs/acre * $10/hr;http://www.extension.iastate.edu/agdm/decisionaidscd.html;590
15;Mixed Fruits & Vegetables;Strawberries;2;Annual;Production Years 1, 2, 3;;Hand Hoeing;$300.00 ;;30 hrs/acre * $10/hr;http://www.extension.iastate.edu/agdm/decisionaidscd.html;591
15;Mixed Fruits & Vegetables;Strawberries;3;Annual;Production Years 1, 2, 3;;Hand Hoeing;$300.00 ;;30 hrs/acre * $10/hr;http://www.extension.iastate.edu/agdm/decisionaidscd.html;592
15;Mixed Fruits & Vegetables;Strawberries;1;Annual;Production Years 1, 2, 3;;Mowing;$10.00 ;;1 hrs/acre * $10/hr;http://www.extension.iastate.edu/agdm/decisionaidscd.html;593
15;Mixed Fruits & Vegetables;Strawberries;2;Annual;Production Years 1, 2, 3;;Mowing;$10.00 ;;1 hrs/acre * $10/hr;http://www.extension.iastate.edu/agdm/decisionaidscd.html;594
15;Mixed Fruits & Vegetables;Strawberries;3;Annual;Production Years 1, 2, 3;;Mowing;$10.00 ;;1 hrs/acre * $10/hr;http://www.extension.iastate.edu/agdm/decisionaidscd.html;595
15;Mixed Fruits & Vegetables;Strawberries;1;Annual;Production Years 1, 2, 3;;Renovation;$40.00 ;;4 hrs/acre * $10/hr;http://www.extension.iastate.edu/agdm/decisionaidscd.html;596
15;Mixed Fruits & Vegetables;Strawberries;2;Annual;Production Years 1, 2, 3;;Renovation;$40.00 ;;4 hrs/acre * $10/hr;http://www.extension.iastate.edu/agdm/decisionaidscd.html;597
15;Mixed Fruits & Vegetables;Strawberries;3;Annual;Production Years 1, 2, 3;;Renovation;$40.00 ;;4 hrs/acre * $10/hr;http://www.extension.iastate.edu/agdm/decisionaidscd.html;598
15;Mixed Fruits & Vegetables;Strawberries;1;Annual;Production Years 1, 2, 3;;Mulching;$160.00 ;;16 hrs/acre * $10/hr;http://www.extension.iastate.edu/agdm/decisionaidscd.html;599
15;Mixed Fruits & Vegetables;Strawberries;2;Annual;Production Years 1, 2, 3;;Mulching;$160.00 ;;16 hrs/acre * $10/hr;http://www.extension.iastate.edu/agdm/decisionaidscd.html;600
15;Mixed Fruits & Vegetables;Strawberries;3;Annual;Production Years 1, 2, 3;;Mulching;$160.00 ;;16 hrs/acre * $10/hr;http://www.extension.iastate.edu/agdm/decisionaidscd.html;601
15;Mixed Fruits & Vegetables;Strawberries;1;Annual;Production Years 1, 2, 3;;Irrigation Tear Down and Set Up;$20.00 ;;2 hrs/acre * $10/hr;http://www.extension.iastate.edu/agdm/decisionaidscd.html;602
15;Mixed Fruits & Vegetables;Strawberries;2;Annual;Production Years 1, 2, 3;;Irrigation Tear Down and Set Up;$20.00 ;;2 hrs/acre * $10/hr;http://www.extension.iastate.edu/agdm/decisionaidscd.html;603
15;Mixed Fruits & Vegetables;Strawberries;3;Annual;Production Years 1, 2, 3;;Irrigation Tear Down and Set Up;$20.00 ;;2 hrs/acre * $10/hr;http://www.extension.iastate.edu/agdm/decisionaidscd.html;604
15;Mixed Fruits & Vegetables;Strawberries;1;Every 3 Years;Production Year 1;;Harvesting Containers;$150.00 ;;1000 containers/4000 qts * 4000 qts/acre * $0.15/container;http://www.extension.iastate.edu/agdm/decisionaidscd.html;605
15;Mixed Fruits & Vegetables;Strawberries;1;Every 3 Years;Production Year 1;;Harvest Trays for U-Pick;$100.00 ;;100 trays/4000 qts * 4000 qts/acre * $1.00/tray;http://www.extension.iastate.edu/agdm/decisionaidscd.html;606
15;Mixed Fruits & Vegetables;Strawberries;1;Every 3 Years;Production Year 1;;Harvest Labor - Pickers;$750.00 ;;1000 qts * $0.75/qt;http://www.extension.iastate.edu/agdm/decisionaidscd.html;607
15;Mixed Fruits & Vegetables;Strawberries;2;Every 3 Years;Production Year 2;;Harvesting Containers;$150.00 ;;1000 containers/4000 qts * 4000 qts/acre * $0.15/container;http://www.extension.iastate.edu/agdm/decisionaidscd.html;608
15;Mixed Fruits & Vegetables;Strawberries;2;Every 3 Years;Production Year 2;;Harvest Trays for U-Pick;$75.00 ;;75 trays/4000 qts * 4000 qts/acre * $1.00/tray;http://www.extension.iastate.edu/agdm/decisionaidscd.html;609
15;Mixed Fruits & Vegetables;Strawberries;2;Every 3 Years;Production Year 2;;Harvest Labor - Pickers;$750.00 ;;1000 qts * $0.75/qt;http://www.extension.iastate.edu/agdm/decisionaidscd.html;610
15;Mixed Fruits & Vegetables;Strawberries;3;Every 3 Years;Production Year 3;;Harvesting Containers;$150.00 ;;1000 containers/4000 qts * 4000 qts/acre * $0.15/container;http://www.extension.iastate.edu/agdm/decisionaidscd.html;611
15;Mixed Fruits & Vegetables;Strawberries;3;Every 3 Years;Production Year 3;;Harvest Trays for U-Pick;$50.00 ;;50 trays/4000 qts * 4000 qts/acre * $1.00/tray;http://www.extension.iastate.edu/agdm/decisionaidscd.html;612
15;Mixed Fruits & Vegetables;Strawberries;3;Every 3 Years;Production Year 3;;Harvest Labor - Pickers;$750.00 ;;1000 qts * $0.75/qt;http://www.extension.iastate.edu/agdm/decisionaidscd.html;613
15;Mixed Fruits & Vegetables;Strawberries;1;Annual;Production Years 1, 2, 3;;Ownership Costs - Irrigation System - FIXED;$80.00 ;;$80/acre;http://www.extension.iastate.edu/agdm/decisionaidscd.html;614
15;Mixed Fruits & Vegetables;Strawberries;2;Annual;Production Years 1, 2, 3;;Ownership Costs - Irrigation System - FIXED;$80.00 ;;$80/acre;http://www.extension.iastate.edu/agdm/decisionaidscd.html;615
15;Mixed Fruits & Vegetables;Strawberries;3;Annual;Production Years 1, 2, 3;;Ownership Costs - Irrigation System - FIXED;$80.00 ;;$80/acre;http://www.extension.iastate.edu/agdm/decisionaidscd.html;616
15;Mixed Fruits & Vegetables;Strawberries;1;Annual;Production Years 1, 2, 3;;Ownership Costs - Machinery - FIXED;$500.00 ;;$500/acre;http://www.extension.iastate.edu/agdm/decisionaidscd.html;617
15;Mixed Fruits & Vegetables;Strawberries;2;Annual;Production Years 1, 2, 3;;Ownership Costs - Machinery - FIXED;$500.00 ;;$500/acre;http://www.extension.iastate.edu/agdm/decisionaidscd.html;618
15;Mixed Fruits & Vegetables;Strawberries;3;Annual;Production Years 1, 2, 3;;Ownership Costs - Machinery - FIXED;$500.00 ;;$500/acre;http://www.extension.iastate.edu/agdm/decisionaidscd.html;619
15;Mixed Fruits & Vegetables;Strawberries;1;Annual;Production Years 1, 2, 3;;Ownership Costs - Land - FIXED;$160.00 ;;$160/acre;http://www.extension.iastate.edu/agdm/decisionaidscd.html;620
15;Mixed Fruits & Vegetables;Strawberries;2;Annual;Production Years 1, 2, 3;;Ownership Costs - Land - FIXED;$160.00 ;;$160/acre;http://www.extension.iastate.edu/agdm/decisionaidscd.html;621
15;Mixed Fruits & Vegetables;Strawberries;3;Annual;Production Years 1, 2, 3;;Ownership Costs - Land - FIXED;$160.00 ;;$160/acre;http://www.extension.iastate.edu/agdm/decisionaidscd.html;622
15;Mixed Fruits & Vegetables;Winter Squash;1;Annual;Preharvest;Inputs;Lime;$10.00 ;;0.5 ton/acre * $20/ton;http://www.uky.edu/ccd/tools/budgets;623
15;Mixed Fruits & Vegetables;Winter Squash;1;Annual;Preharvest;Inputs;Fertilizer;$120.00 ;;$120/acre;http://www.uky.edu/ccd/tools/budgets;624
15;Mixed Fruits & Vegetables;Winter Squash;1;Annual;Preharvest;Inputs;Seed;$120.00 ;;2 lbs/acre * $60/lb;http://www.uky.edu/ccd/tools/budgets;625
15;Mixed Fruits & Vegetables;Winter Squash;1;Annual;Preharvest;;Black Plastic/Drip Lines;$382.00 ;;$382/acre;http://www.uky.edu/ccd/tools/budgets;626
15;Mixed Fruits & Vegetables;Winter Squash;1;Annual;Preharvest;Inputs;Herbicides;$40.92 ;;$40.92/acre;http://www.uky.edu/ccd/tools/budgets;627
15;Mixed Fruits & Vegetables;Winter Squash;1;Annual;Preharvest;Inputs;Insecticides;$107.66 ;;$107.66/acre;http://www.uky.edu/ccd/tools/budgets;628
15;Mixed Fruits & Vegetables;Winter Squash;1;Annual;Preharvest;Inputs;Fungicides;$167.20 ;;$167.20/acre;http://www.uky.edu/ccd/tools/budgets;629
15;Mixed Fruits & Vegetables;Winter Squash;1;Annual;Preharvest;;Pollination;$75.00 ;;$75.00/hive * 1 hive/acre;http://www.uky.edu/ccd/tools/budgets;630
15;Mixed Fruits & Vegetables;Winter Squash;1;Annual;Preharvest;;Machinery Variable Costs;$70.07 ;;$70.07/acre;http://www.uky.edu/ccd/tools/budgets;631
15;Mixed Fruits & Vegetables;Winter Squash;1;Annual;Harvest;;Boxes;$495.00 ;;450 boxes/acre * $1.10/box;http://www.uky.edu/ccd/tools/budgets;632
15;Mixed Fruits & Vegetables;Winter Squash;1;Annual;Harvest;;Plastic Disposal;$162.00 ;;18 hrs/acre * $9/hr;http://www.uky.edu/ccd/tools/budgets;633
15;Mixed Fruits & Vegetables;Winter Squash;1;Annual;Harvest;;Plastic Disposal Fee;$10.00 ;;disposal fee assumed @ $10/acre;http://www.uky.edu/ccd/tools/budgets;634
15;Mixed Fruits & Vegetables;Winter Squash;1;Annual;Harvest;;Hired Labor (Harvesting/ Hauling/ Handling);$540.00 ;;60 hours/acre * $9.00/hr;http://www.uky.edu/ccd/tools/budgets;635
15;Mixed Fruits & Vegetables;Winter Squash;1;Annual;Harvest;;Marketing Costs;$540.00 ;;assumed 10% gross;http://www.uky.edu/ccd/tools/budgets;636
15;Mixed Fruits & Vegetables;Winter Squash;1;Annual;Harvest;;Hauling Variable Costs;$40.50 ;;450 boxes/acre * $0.09/box for hauling;http://www.uky.edu/ccd/tools/budgets;637
15;Mixed Fruits & Vegetables;Winter Squash;1;Annual;Fixed;;Machinery and Equipment - FIXED;$70.70 ;;calculations not provided;http://www.uky.edu/ccd/tools/budgets;638
15;Mixed Fruits & Vegetables;Winter Squash;1;Annual;Fixed;;Depreciation on Irrigation System - FIXED;$189.57 ;;calculations not provided;http://www.uky.edu/ccd/tools/budgets;639
15;Mixed Fruits & Vegetables;Winter Squash;1;Annual;Fixed;;Taxes on Land - FIXED;$5.00 ;;calculations not provided;http://www.uky.edu/ccd/tools/budgets;640
15;Mixed Fruits & Vegetables;Winter Squash;1;Annual;Fixed;;Insurance - FIXED;$81.00 ;;calculations not provided;http://www.uky.edu/ccd/tools/budgets;641
15;Mixed Fruits & Vegetables;Winter Squash;1;Annual;Preharvest;Labor;Operator and Unpaid Family Labor;$300.00 ;;20 hrs/acre * $15/hr;http://www.uky.edu/ccd/tools/budgets;642
15;Mixed Fruits & Vegetables;Grapes (Conventional);1;;Establishment;Other;Drainage Tile Installation - Custom;$4,360.00 ;;;http://publications.dyson.cornell.edu/outreach/extensionpdf/2014/Cornell-Dyson-eb1401.pdf;643
15;Mixed Fruits & Vegetables;Grapes (Conventional);1;;Establishment;Material;Lime (2 tons/acre) - Material Costs;$90.00 ;;;http://publications.dyson.cornell.edu/outreach/extensionpdf/2014/Cornell-Dyson-eb1401.pdf;644
15;Mixed Fruits & Vegetables;Grapes (Conventional);1;;Establishment;Material;Lime (2 tons/acre) - Custom;$10.00 ;;;http://publications.dyson.cornell.edu/outreach/extensionpdf/2014/Cornell-Dyson-eb1401.pdf;645
15;Mixed Fruits & Vegetables;Grapes (Conventional);1;;Establishment;;Herbicide application - Equipment Cost;$10.50 ;;;http://publications.dyson.cornell.edu/outreach/extensionpdf/2014/Cornell-Dyson-eb1401.pdf;646
15;Mixed Fruits & Vegetables;Grapes (Conventional);1;;Establishment;;Herbicide application - Material Cost;$30.24 ;;;http://publications.dyson.cornell.edu/outreach/extensionpdf/2014/Cornell-Dyson-eb1401.pdf;647
15;Mixed Fruits & Vegetables;Grapes (Conventional);1;;Establishment;;Stone removal & land maintenance - Unskilled Labor Costs;$135.00 ;;;http://publications.dyson.cornell.edu/outreach/extensionpdf/2014/Cornell-Dyson-eb1401.pdf;648
15;Mixed Fruits & Vegetables;Grapes (Conventional);1;;Establishment;;Stone removal & land maintenance - Equipment Costs;$165.87 ;;;http://publications.dyson.cornell.edu/outreach/extensionpdf/2014/Cornell-Dyson-eb1401.pdf;649
15;Mixed Fruits & Vegetables;Grapes (Conventional);1;;Establishment;;Soil Sampling - Skilled Labor Costs;$4.00 ;;;http://publications.dyson.cornell.edu/outreach/extensionpdf/2014/Cornell-Dyson-eb1401.pdf;650
15;Mixed Fruits & Vegetables;Grapes (Conventional);1;;Establishment;;Soil Sampling - Material Costs;$4.00 ;;;http://publications.dyson.cornell.edu/outreach/extensionpdf/2014/Cornell-Dyson-eb1401.pdf;651
15;Mixed Fruits & Vegetables;Grapes (Conventional);1;;Establishment;;Fall fertilization - Skilled Labor Costs;$12.00 ;;;http://publications.dyson.cornell.edu/outreach/extensionpdf/2014/Cornell-Dyson-eb1401.pdf;652
15;Mixed Fruits & Vegetables;Grapes (Conventional);1;;Establishment;;Fall fertilization - Equipment Costs;$8.56 ;;;http://publications.dyson.cornell.edu/outreach/extensionpdf/2014/Cornell-Dyson-eb1401.pdf;653
15;Mixed Fruits & Vegetables;Grapes (Conventional);1;;Establishment;;Fall fertilization - Material Costs;$75.00 ;;;http://publications.dyson.cornell.edu/outreach/extensionpdf/2014/Cornell-Dyson-eb1401.pdf;654
15;Mixed Fruits & Vegetables;Grapes (Conventional);1;;Establishment;;Plowing - Custom;$50.00 ;;;http://publications.dyson.cornell.edu/outreach/extensionpdf/2014/Cornell-Dyson-eb1401.pdf;655
15;Mixed Fruits & Vegetables;Grapes (Conventional);1;;Establishment;;Discing (x2) - Custom;$46.00 ;;;http://publications.dyson.cornell.edu/outreach/extensionpdf/2014/Cornell-Dyson-eb1401.pdf;656
15;Mixed Fruits & Vegetables;Grapes (Conventional);1;;Establishment;;Pickup truck (10,000 miles for 50 acre/year) - Equipment Costs;$75.03 ;;;http://publications.dyson.cornell.edu/outreach/extensionpdf/2014/Cornell-Dyson-eb1401.pdf;657
15;Mixed Fruits & Vegetables;Grapes (Conventional);1;;Preharvest;;Floating/dragging - Skilled Labor Costs;$20.00 ;;;http://publications.dyson.cornell.edu/outreach/extensionpdf/2014/Cornell-Dyson-eb1401.pdf;658
15;Mixed Fruits & Vegetables;Grapes (Conventional);1;;Preharvest;;Floating/dragging - Equipment Costs;$15.79 ;;;http://publications.dyson.cornell.edu/outreach/extensionpdf/2014/Cornell-Dyson-eb1401.pdf;659
15;Mixed Fruits & Vegetables;Grapes (Conventional);1;;Preharvest;;Laser Planting ($3.50/vine) - Custom;$1,250.00 ;;;http://publications.dyson.cornell.edu/outreach/extensionpdf/2014/Cornell-Dyson-eb1401.pdf;660
15;Mixed Fruits & Vegetables;Grapes (Conventional);1;;Preharvest;;Laser Planting ($3.50/vine) - Material Costs;$2,823.33 ;;;http://publications.dyson.cornell.edu/outreach/extensionpdf/2014/Cornell-Dyson-eb1401.pdf;661
15;Mixed Fruits & Vegetables;Grapes (Conventional);1;;Preharvest;;Fertilization (banded) - Skilled Labor Costs;$12.00 ;;;http://publications.dyson.cornell.edu/outreach/extensionpdf/2014/Cornell-Dyson-eb1401.pdf;662
15;Mixed Fruits & Vegetables;Grapes (Conventional);1;;Preharvest;;Fertilization (banded) - Equipment Costs;$8.56 ;;;http://publications.dyson.cornell.edu/outreach/extensionpdf/2014/Cornell-Dyson-eb1401.pdf;663
15;Mixed Fruits & Vegetables;Grapes (Conventional);1;;Preharvest;;Fertilization (banded) - Material Costs;$7.50 ;;;http://publications.dyson.cornell.edu/outreach/extensionpdf/2014/Cornell-Dyson-eb1401.pdf;664
15;Mixed Fruits & Vegetables;Grapes (Conventional);1;;Preharvest;;Hilling up - Skilled Labor Costs;$30.00 ;;;http://publications.dyson.cornell.edu/outreach/extensionpdf/2014/Cornell-Dyson-eb1401.pdf;665
15;Mixed Fruits & Vegetables;Grapes (Conventional);1;;Preharvest;;Hilling up - Equipment Costs;$21.64 ;;;http://publications.dyson.cornell.edu/outreach/extensionpdf/2014/Cornell-Dyson-eb1401.pdf;666
15;Mixed Fruits & Vegetables;Grapes (Conventional);1;;Preharvest;;Hilling up - Unskilled Labor Costs;$20.25 ;;;http://publications.dyson.cornell.edu/outreach/extensionpdf/2014/Cornell-Dyson-eb1401.pdf;667
15;Mixed Fruits & Vegetables;Grapes (Conventional);1;;Preharvest;;Chem. Weed control - trellis - Skilled Labor Costs;$25.00 ;;;http://publications.dyson.cornell.edu/outreach/extensionpdf/2014/Cornell-Dyson-eb1401.pdf;668
15;Mixed Fruits & Vegetables;Grapes (Conventional);1;;Preharvest;;Chem. Weed control - trellis - Equipment Costs;$20.56 ;;;http://publications.dyson.cornell.edu/outreach/extensionpdf/2014/Cornell-Dyson-eb1401.pdf;669
15;Mixed Fruits & Vegetables;Grapes (Conventional);1;;Preharvest;;Chem. Weed control - trellis - Material Costs;$14.34 ;;;http://publications.dyson.cornell.edu/outreach/extensionpdf/2014/Cornell-Dyson-eb1401.pdf;670
15;Mixed Fruits & Vegetables;Grapes (Conventional);1;;Preharvest;;Trellis construction - Skilled Labor Costs;$1,200.00 ;;;http://publications.dyson.cornell.edu/outreach/extensionpdf/2014/Cornell-Dyson-eb1401.pdf;671
15;Mixed Fruits & Vegetables;Grapes (Conventional);1;;Preharvest;;Trellis construction - Equipment Costs;$317.50 ;;;http://publications.dyson.cornell.edu/outreach/extensionpdf/2014/Cornell-Dyson-eb1401.pdf;672
15;Mixed Fruits & Vegetables;Grapes (Conventional);1;;Preharvest;;Trellis construction - Material Costs;$3,470.00 ;;;http://publications.dyson.cornell.edu/outreach/extensionpdf/2014/Cornell-Dyson-eb1401.pdf;673
15;Mixed Fruits & Vegetables;Grapes (Conventional);1;;Preharvest;;Spot herbicide - hand application - Skilled Labor Costs;$20.00 ;;;http://publications.dyson.cornell.edu/outreach/extensionpdf/2014/Cornell-Dyson-eb1401.pdf;674
15;Mixed Fruits & Vegetables;Grapes (Conventional);1;;Preharvest;;Spot herbicide - hand application - Material Costs;$15.24 ;;;http://publications.dyson.cornell.edu/outreach/extensionpdf/2014/Cornell-Dyson-eb1401.pdf;675
15;Mixed Fruits & Vegetables;Grapes (Conventional);1;;Preharvest;;Cultivation (x2) - Skilled Labor Costs;$24.00 ;;;http://publications.dyson.cornell.edu/outreach/extensionpdf/2014/Cornell-Dyson-eb1401.pdf;676
15;Mixed Fruits & Vegetables;Grapes (Conventional);1;;Preharvest;;Cultivation (x2) - Equipment Costs;$21.64 ;;;http://publications.dyson.cornell.edu/outreach/extensionpdf/2014/Cornell-Dyson-eb1401.pdf;677
15;Mixed Fruits & Vegetables;Grapes (Conventional);1;;Preharvest;;Sprays 1-3 (all year 1 sprays) - Mancozeb 75DF;$36.45 ;;Mancozeb 75DF 3lbs/acre * $4.05/lb * 3 sprays;http://publications.dyson.cornell.edu/outreach/extensionpdf/2014/Cornell-Dyson-eb1401.pdf;678
15;Mixed Fruits & Vegetables;Grapes (Conventional);1;;Preharvest;;Sprays 1-3 (all year 1 sprays) - Sulfur;$6.00 ;;Sulfur 4 lbs/acre * $0.50/lb * 3 sprays;http://publications.dyson.cornell.edu/outreach/extensionpdf/2014/Cornell-Dyson-eb1401.pdf;679
15;Mixed Fruits & Vegetables;Grapes (Conventional);1;;Preharvest;;Sprays 1-3 (all year 1 sprays) - Spreader;$1.88 ;;Spreader 4 oz./acre * $20/gal * 3 sprays;http://publications.dyson.cornell.edu/outreach/extensionpdf/2014/Cornell-Dyson-eb1401.pdf;680
15;Mixed Fruits & Vegetables;Grapes (Conventional);1;;Preharvest;;Sprays 1-3 (all year 1 sprays) - Equipment Costs;$25.14 ;;??? 8.38*3 ???;;681
15;Mixed Fruits & Vegetables;Grapes (Conventional);1;;Preharvest;;Sprays 1-3 (all year 1 sprays) - Skilled Labor Costs;$24.00 ;;0.4 hours * $20/hour * 3 sprays;;682
15;Mixed Fruits & Vegetables;Grapes (Conventional);1;;Preharvest;;Seed cover crop - Skilled Labor Costs;$12.00 ;;;http://publications.dyson.cornell.edu/outreach/extensionpdf/2014/Cornell-Dyson-eb1401.pdf;683
15;Mixed Fruits & Vegetables;Grapes (Conventional);1;;Preharvest;;Seed cover crop - Equipment Costs;$8.56 ;;;http://publications.dyson.cornell.edu/outreach/extensionpdf/2014/Cornell-Dyson-eb1401.pdf;684
15;Mixed Fruits & Vegetables;Grapes (Conventional);1;;Preharvest;;Seed cover crop - Material Costs;$11.25 ;;;http://publications.dyson.cornell.edu/outreach/extensionpdf/2014/Cornell-Dyson-eb1401.pdf;685
15;Mixed Fruits & Vegetables;Grapes (Conventional);1;;Preharvest;;Pickup truck (10,000 miles for 50 acre/year) - Equipment Costs;$75.03 ;;;http://publications.dyson.cornell.edu/outreach/extensionpdf/2014/Cornell-Dyson-eb1401.pdf;686
15;Mixed Fruits & Vegetables;Grapes (Conventional);2;;Preharvest;;Pruning & brush removal - Skilled Labor Costs;$60.00 ;;;http://publications.dyson.cornell.edu/outreach/extensionpdf/2014/Cornell-Dyson-eb1401.pdf;687
15;Mixed Fruits & Vegetables;Grapes (Conventional);2;;Preharvest;;Tying & renewal - Unskilled Labor Costs;$27.00 ;;;http://publications.dyson.cornell.edu/outreach/extensionpdf/2014/Cornell-Dyson-eb1401.pdf;688
15;Mixed Fruits & Vegetables;Grapes (Conventional);2;;Preharvest;;Tying & renewal - Material Costs;$4.50 ;;;http://publications.dyson.cornell.edu/outreach/extensionpdf/2014/Cornell-Dyson-eb1401.pdf;689
15;Mixed Fruits & Vegetables;Grapes (Conventional);2;;Preharvest;;Vine Replacement - Skilled Labor Costs;$40.00 ;;;http://publications.dyson.cornell.edu/outreach/extensionpdf/2014/Cornell-Dyson-eb1401.pdf;690
15;Mixed Fruits & Vegetables;Grapes (Conventional);2;;Preharvest;;Vine Replacement - Equipment Costs;$37.97 ;;;http://publications.dyson.cornell.edu/outreach/extensionpdf/2014/Cornell-Dyson-eb1401.pdf;691
15;Mixed Fruits & Vegetables;Grapes (Conventional);2;;Preharvest;;Vine Replacement - Material Costs;$56.47 ;;;http://publications.dyson.cornell.edu/outreach/extensionpdf/2014/Cornell-Dyson-eb1401.pdf;692
15;Mixed Fruits & Vegetables;Grapes (Conventional);2;;Preharvest;;Spring Replacement - Skilled Labor Costs;$12.00 ;;;http://publications.dyson.cornell.edu/outreach/extensionpdf/2014/Cornell-Dyson-eb1401.pdf;693
15;Mixed Fruits & Vegetables;Grapes (Conventional);2;;Preharvest;;Spring Replacement - Equipment Costs;$8.56 ;;;http://publications.dyson.cornell.edu/outreach/extensionpdf/2014/Cornell-Dyson-eb1401.pdf;694
15;Mixed Fruits & Vegetables;Grapes (Conventional);2;;Preharvest;;Spring Replacement - Material Costs;$7.50 ;;;http://publications.dyson.cornell.edu/outreach/extensionpdf/2014/Cornell-Dyson-eb1401.pdf;695
15;Mixed Fruits & Vegetables;Grapes (Conventional);2;;Preharvest;;Chem. Weed control-trellis - Skilled Labor Costs;$25.00 ;;;http://publications.dyson.cornell.edu/outreach/extensionpdf/2014/Cornell-Dyson-eb1401.pdf;696
15;Mixed Fruits & Vegetables;Grapes (Conventional);2;;Preharvest;;Chem. Weed control-trellis - Equipment Costs;$22.25 ;;;http://publications.dyson.cornell.edu/outreach/extensionpdf/2014/Cornell-Dyson-eb1401.pdf;697
15;Mixed Fruits & Vegetables;Grapes (Conventional);2;;Preharvest;;Chem. Weed control-trellis - Material Costs;$66.00 ;;;http://publications.dyson.cornell.edu/outreach/extensionpdf/2014/Cornell-Dyson-eb1401.pdf;698
15;Mixed Fruits & Vegetables;Grapes (Conventional);2;;Preharvest;;Suckering - Unskilled Labor Costs;$33.75 ;;;http://publications.dyson.cornell.edu/outreach/extensionpdf/2014/Cornell-Dyson-eb1401.pdf;699
15;Mixed Fruits & Vegetables;Grapes (Conventional);2;;Preharvest;;Cluster removal - Unskilled Labor Costs;$33.75 ;;;http://publications.dyson.cornell.edu/outreach/extensionpdf/2014/Cornell-Dyson-eb1401.pdf;700
15;Mixed Fruits & Vegetables;Grapes (Conventional);2;;Preharvest;;Take away (de-hilling) - Skilled Labor Costs;$60.00 ;;;http://publications.dyson.cornell.edu/outreach/extensionpdf/2014/Cornell-Dyson-eb1401.pdf;701
15;Mixed Fruits & Vegetables;Grapes (Conventional);2;;Preharvest;;Take away (de-hilling) - Equipment Costs;$45.09 ;;;http://publications.dyson.cornell.edu/outreach/extensionpdf/2014/Cornell-Dyson-eb1401.pdf;702
15;Mixed Fruits & Vegetables;Grapes (Conventional);2;;Preharvest;;Hand Hoe - Unskilled Labor Costs;$54.00 ;;;http://publications.dyson.cornell.edu/outreach/extensionpdf/2014/Cornell-Dyson-eb1401.pdf;703
15;Mixed Fruits & Vegetables;Grapes (Conventional);2;;Preharvest;;Spot herbicide (x2) - hand application - Skilled Labor Costs;$16.00 ;;;http://publications.dyson.cornell.edu/outreach/extensionpdf/2014/Cornell-Dyson-eb1401.pdf;704
15;Mixed Fruits & Vegetables;Grapes (Conventional);2;;Preharvest;;Spot herbicide (x2) - hand application - Equipment Costs;$9.86 ;;;http://publications.dyson.cornell.edu/outreach/extensionpdf/2014/Cornell-Dyson-eb1401.pdf;705
15;Mixed Fruits & Vegetables;Grapes (Conventional);2;;Preharvest;;Spot herbicide (x2) - hand application - Material Costs;$42.76 ;;;http://publications.dyson.cornell.edu/outreach/extensionpdf/2014/Cornell-Dyson-eb1401.pdf;706
15;Mixed Fruits & Vegetables;Grapes (Conventional);2;;Preharvest;;Hilling up - Skilled Labor Costs;$60.00 ;;;http://publications.dyson.cornell.edu/outreach/extensionpdf/2014/Cornell-Dyson-eb1401.pdf;707
15;Mixed Fruits & Vegetables;Grapes (Conventional);2;;Preharvest;;Hilling up - Equipment Costs;$27.05 ;;;http://publications.dyson.cornell.edu/outreach/extensionpdf/2014/Cornell-Dyson-eb1401.pdf;708
15;Mixed Fruits & Vegetables;Grapes (Conventional);2;;Preharvest;;Sprays 1-4 (all year 2 sprays) - Mancozeb 75DF;$48.60 ;;Mancozeb 75DF 3lbs/acre * $4.05/lb * 4 sprays;http://publications.dyson.cornell.edu/outreach/extensionpdf/2014/Cornell-Dyson-eb1401.pdf;709
15;Mixed Fruits & Vegetables;Grapes (Conventional);2;;Preharvest;;Sprays 1-4 (all year 2 sprays) - Sulfur;$8.00 ;;Sulfur 4 lbs/acre * $0.50/lb * 4 sprays;http://publications.dyson.cornell.edu/outreach/extensionpdf/2014/Cornell-Dyson-eb1401.pdf;710
15;Mixed Fruits & Vegetables;Grapes (Conventional);2;;Preharvest;;Sprays 1-4 (all year 2 sprays) - Spreader;$2.50 ;;Spreader 4 oz./acre * $20/gal * 4 sprays;http://publications.dyson.cornell.edu/outreach/extensionpdf/2014/Cornell-Dyson-eb1401.pdf;711
15;Mixed Fruits & Vegetables;Grapes (Conventional);2;;Preharvest;;Sprays 1-4 (all year 2 sprays) - Skilled Labor Costs;$32.00 ;;0.4 hours * $20/hour * 4 sprays;;712
15;Mixed Fruits & Vegetables;Grapes (Conventional);2;;Preharvest;;Sprays 1-4 (all year 2 sprays) - Equipment Costs;$33.52 ;;??? $8.38 * 4 sprays ???;;713
15;Mixed Fruits & Vegetables;Grapes (Conventional);2;;Preharvest;;Mowing (x4) - Skilled Labor Costs;$52.00 ;;;http://publications.dyson.cornell.edu/outreach/extensionpdf/2014/Cornell-Dyson-eb1401.pdf;714
15;Mixed Fruits & Vegetables;Grapes (Conventional);2;;Preharvest;;Mowing (x4) - Equipment Costs;$42.28 ;;;http://publications.dyson.cornell.edu/outreach/extensionpdf/2014/Cornell-Dyson-eb1401.pdf;715
15;Mixed Fruits & Vegetables;Grapes (Conventional);2;;Preharvest;;Rogueing;$13.50 ;;;http://publications.dyson.cornell.edu/outreach/extensionpdf/2014/Cornell-Dyson-eb1401.pdf;716
15;Mixed Fruits & Vegetables;Grapes (Conventional);2;;Preharvest;;Pickup truck (10,000 miles for 50 acre/year);$75.03 ;;;http://publications.dyson.cornell.edu/outreach/extensionpdf/2014/Cornell-Dyson-eb1401.pdf;717
15;Mixed Fruits & Vegetables;Grapes (Conventional);3;;Preharvest;;Pruning and brush pulling ($0.45/vine) - Custom;$363.00 ;;;http://publications.dyson.cornell.edu/outreach/extensionpdf/2014/Cornell-Dyson-eb1401.pdf;718
15;Mixed Fruits & Vegetables;Grapes (Conventional);3;;Preharvest;;Tying & renewal ($0.23/vine) - Custom;$185.53 ;;;http://publications.dyson.cornell.edu/outreach/extensionpdf/2014/Cornell-Dyson-eb1401.pdf;719
15;Mixed Fruits & Vegetables;Grapes (Conventional);3;;Preharvest;;Tying & renewal ($0.23/vine) - Material Costs;$4.50 ;;;http://publications.dyson.cornell.edu/outreach/extensionpdf/2014/Cornell-Dyson-eb1401.pdf;720
15;Mixed Fruits & Vegetables;Grapes (Conventional);3;;Preharvest;;Brush chopping (x1) - Skilled Labor Costs;$24.00 ;;;http://publications.dyson.cornell.edu/outreach/extensionpdf/2014/Cornell-Dyson-eb1401.pdf;721
15;Mixed Fruits & Vegetables;Grapes (Conventional);3;;Preharvest;;Brush chopping (x1) - Equipment Costs;$21.36 ;;;http://publications.dyson.cornell.edu/outreach/extensionpdf/2014/Cornell-Dyson-eb1401.pdf;722
15;Mixed Fruits & Vegetables;Grapes (Conventional);3;;Preharvest;;Vine Replacement - Skilled Labor Costs;$40.00 ;;;http://publications.dyson.cornell.edu/outreach/extensionpdf/2014/Cornell-Dyson-eb1401.pdf;723
15;Mixed Fruits & Vegetables;Grapes (Conventional);3;;Preharvest;;Vine Replacement - Equipment Costs;$37.97 ;;;http://publications.dyson.cornell.edu/outreach/extensionpdf/2014/Cornell-Dyson-eb1401.pdf;724
15;Mixed Fruits & Vegetables;Grapes (Conventional);3;;Preharvest;;Vine Replacement - Material Costs;$56.47 ;;;http://publications.dyson.cornell.edu/outreach/extensionpdf/2014/Cornell-Dyson-eb1401.pdf;725
15;Mixed Fruits & Vegetables;Grapes (Conventional);3;;Preharvest;;Chem. Weed control - trellis - Skilled Labor Costs;$52.00 ;;;http://publications.dyson.cornell.edu/outreach/extensionpdf/2014/Cornell-Dyson-eb1401.pdf;726
15;Mixed Fruits & Vegetables;Grapes (Conventional);3;;Preharvest;;Chem. Weed control - trellis - Equipment Costs;$32.89 ;;;http://publications.dyson.cornell.edu/outreach/extensionpdf/2014/Cornell-Dyson-eb1401.pdf;727
15;Mixed Fruits & Vegetables;Grapes (Conventional);3;;Preharvest;;Chem. Weed control - trellis - Material Costs;$66.00 ;;;http://publications.dyson.cornell.edu/outreach/extensionpdf/2014/Cornell-Dyson-eb1401.pdf;728
15;Mixed Fruits & Vegetables;Grapes (Conventional);3;;Preharvest;;Suckering - Unskilled Labor Costs;$54.00 ;;;http://publications.dyson.cornell.edu/outreach/extensionpdf/2014/Cornell-Dyson-eb1401.pdf;729
15;Mixed Fruits & Vegetables;Grapes (Conventional);3;;Preharvest;;Cluster removal - Unskilled Labor Costs;$54.00 ;;;http://publications.dyson.cornell.edu/outreach/extensionpdf/2014/Cornell-Dyson-eb1401.pdf;730
15;Mixed Fruits & Vegetables;Grapes (Conventional);3;;Preharvest;;Take away (de-hilling) - Skilled Labor Costs;$60.00 ;;;http://publications.dyson.cornell.edu/outreach/extensionpdf/2014/Cornell-Dyson-eb1401.pdf;731
15;Mixed Fruits & Vegetables;Grapes (Conventional);3;;Preharvest;;Take away (de-hilling) - Equipment Costs;$45.09 ;;;http://publications.dyson.cornell.edu/outreach/extensionpdf/2014/Cornell-Dyson-eb1401.pdf;732
15;Mixed Fruits & Vegetables;Grapes (Conventional);3;;Preharvest;;Hand Hoe - Unskilled Labor Costs;$54.00 ;;;http://publications.dyson.cornell.edu/outreach/extensionpdf/2014/Cornell-Dyson-eb1401.pdf;733
15;Mixed Fruits & Vegetables;Grapes (Conventional);3;;Preharvest;;Bird control - Skilled Labor Costs;$60.00 ;;;http://publications.dyson.cornell.edu/outreach/extensionpdf/2014/Cornell-Dyson-eb1401.pdf;734
15;Mixed Fruits & Vegetables;Grapes (Conventional);3;;Preharvest;;Spot herbicide (x2) - hand application - Skilled Labor Costs;$16.00 ;;;http://publications.dyson.cornell.edu/outreach/extensionpdf/2014/Cornell-Dyson-eb1401.pdf;735
15;Mixed Fruits & Vegetables;Grapes (Conventional);3;;Preharvest;;Spot herbicide (x2) - hand application - Equipment Costs;$9.86 ;;;http://publications.dyson.cornell.edu/outreach/extensionpdf/2014/Cornell-Dyson-eb1401.pdf;736
15;Mixed Fruits & Vegetables;Grapes (Conventional);3;;Preharvest;;Spot herbicide (x2) - hand application - Material Costs;$42.76 ;;;http://publications.dyson.cornell.edu/outreach/extensionpdf/2014/Cornell-Dyson-eb1401.pdf;737
15;Mixed Fruits & Vegetables;Grapes (Conventional);3;;Preharvest;;Sprays 1-2 - Mancozeb 75DF;$24.30 ;;Mancozeb 75DF 3 lbs/acre * $4.05/lb * 2 sprays;http://publications.dyson.cornell.edu/outreach/extensionpdf/2014/Cornell-Dyson-eb1401.pdf;738
15;Mixed Fruits & Vegetables;Grapes (Conventional);3;;Preharvest;;Sprays 1-2 - Sulfur;$4.00 ;;Sulfur 4 lbs/acre * $0.50/lb * 2 sprays;http://publications.dyson.cornell.edu/outreach/extensionpdf/2014/Cornell-Dyson-eb1401.pdf;739
15;Mixed Fruits & Vegetables;Grapes (Conventional);3;;Preharvest;;Sprays 1-2 - Spreader;$1.25 ;;Spreader 4 oz./acre * $20/gal * 2 sprays;http://publications.dyson.cornell.edu/outreach/extensionpdf/2014/Cornell-Dyson-eb1401.pdf;740
15;Mixed Fruits & Vegetables;Grapes (Conventional);3;;Preharvest;;Sprays 1-2 - Skilled Labor Costs;$24.00 ;;0.6 hours * $20/hour * 2 sprays;;741
15;Mixed Fruits & Vegetables;Grapes (Conventional);3;;Preharvest;;Sprays 1-2 - Equipment Costs;$27.94 ;;??? $13.97 * 2 sprays ???;;742
15;Mixed Fruits & Vegetables;Grapes (Conventional);3;;Preharvest;;Sprays 3-4 - Revus Top;$32.76 ;;Revus Top 7 oz/acre * $2.34/oz * 2 sprays;http://publications.dyson.cornell.edu/outreach/extensionpdf/2014/Cornell-Dyson-eb1401.pdf;743
15;Mixed Fruits & Vegetables;Grapes (Conventional);3;;Preharvest;;Sprays 3-4 - Sulfur;$4.00 ;;Sulfur 4 lbs/acre * $0.50/lb * 2 sprays;http://publications.dyson.cornell.edu/outreach/extensionpdf/2014/Cornell-Dyson-eb1401.pdf;744
15;Mixed Fruits & Vegetables;Grapes (Conventional);3;;Preharvest;;Sprays 3-4 - Spreader;$1.25 ;;Spreader 4 oz./acre * $20/gal * 2 sprays;http://publications.dyson.cornell.edu/outreach/extensionpdf/2014/Cornell-Dyson-eb1401.pdf;745
15;Mixed Fruits & Vegetables;Grapes (Conventional);3;;Preharvest;;Sprays 3-4 - Skilled Labor Costs;$24.00 ;;0.6 hours * $20/hour * 2 sprays;;746
15;Mixed Fruits & Vegetables;Grapes (Conventional);3;;Preharvest;;Sprays 3-4 - Equipment Costs;$27.94 ;;??? $13.97 * 2 sprays ???;;747
15;Mixed Fruits & Vegetables;Grapes (Conventional);3;;Preharvest;;Sprays 5-8 - Captan 80WP;$66.00 ;;Captan 80WP 2.5 lbs/acre * $6.60/lb * 4 sprays;http://publications.dyson.cornell.edu/outreach/extensionpdf/2014/Cornell-Dyson-eb1401.pdf;748
15;Mixed Fruits & Vegetables;Grapes (Conventional);3;;Preharvest;;Sprays 5-8 - Sulfur;$10.00 ;;Sulfur 5 lbs/acre * $0.50/lb * 4 sprays;http://publications.dyson.cornell.edu/outreach/extensionpdf/2014/Cornell-Dyson-eb1401.pdf;749
15;Mixed Fruits & Vegetables;Grapes (Conventional);3;;Preharvest;;Sprays 5-8 - Spreader;$2.50 ;;Spreader 4 oz./acre * $20/gal * 4 sprays;http://publications.dyson.cornell.edu/outreach/extensionpdf/2014/Cornell-Dyson-eb1401.pdf;750
15;Mixed Fruits & Vegetables;Grapes (Conventional);3;;Preharvest;;Sprays 5-8 - Skilled Labor Costs;$48.00 ;;0.6 hours * $20/hour * 4 sprays;;751
15;Mixed Fruits & Vegetables;Grapes (Conventional);3;;Preharvest;;Sprays 5-8 - Equipment Costs;$55.88 ;;??? $13.97 * 4 sprays ???;;752
15;Mixed Fruits & Vegetables;Grapes (Conventional);3;;Preharvest;;Mowing (x4) - Skilled Labor Costs;$52.00 ;;;http://publications.dyson.cornell.edu/outreach/extensionpdf/2014/Cornell-Dyson-eb1401.pdf;753
15;Mixed Fruits & Vegetables;Grapes (Conventional);3;;Preharvest;;Mowing (x4) - Equipment Costs;$42.28 ;;;http://publications.dyson.cornell.edu/outreach/extensionpdf/2014/Cornell-Dyson-eb1401.pdf;754
15;Mixed Fruits & Vegetables;Grapes (Conventional);3;;Preharvest;;Hilling up - Skilled Labor Costs;$34.00 ;;;http://publications.dyson.cornell.edu/outreach/extensionpdf/2014/Cornell-Dyson-eb1401.pdf;755
15;Mixed Fruits & Vegetables;Grapes (Conventional);3;;Preharvest;;Hilling up - Equipment Costs;$27.05 ;;;http://publications.dyson.cornell.edu/outreach/extensionpdf/2014/Cornell-Dyson-eb1401.pdf;756
15;Mixed Fruits & Vegetables;Grapes (Conventional);3;;Preharvest;;Pickup truck (10,000 miles for 50 acre/year);$75.03 ;;;http://publications.dyson.cornell.edu/outreach/extensionpdf/2014/Cornell-Dyson-eb1401.pdf;757
15;Mixed Fruits & Vegetables;Grapes (Conventional);4;;Preharvest;;Pruning+brush pulling ($0.45/vine) - Custom;$363.00 ;;;http://publications.dyson.cornell.edu/outreach/extensionpdf/2014/Cornell-Dyson-eb1401.pdf;758
15;Mixed Fruits & Vegetables;Grapes (Conventional);5;;Preharvest;;Pruning+brush pulling ($0.45/vine) - Custom;$363.00 ;;;http://publications.dyson.cornell.edu/outreach/extensionpdf/2014/Cornell-Dyson-eb1401.pdf;759
15;Mixed Fruits & Vegetables;Grapes (Conventional);6;;Preharvest;;Pruning+brush pulling ($0.45/vine) - Custom;$363.00 ;;;http://publications.dyson.cornell.edu/outreach/extensionpdf/2014/Cornell-Dyson-eb1401.pdf;760
15;Mixed Fruits & Vegetables;Grapes (Conventional);7;;Preharvest;;Pruning+brush pulling ($0.45/vine) - Custom;$363.00 ;;;http://publications.dyson.cornell.edu/outreach/extensionpdf/2014/Cornell-Dyson-eb1401.pdf;761
15;Mixed Fruits & Vegetables;Grapes (Conventional);8;;Preharvest;;Pruning+brush pulling ($0.45/vine) - Custom;$363.00 ;;;http://publications.dyson.cornell.edu/outreach/extensionpdf/2014/Cornell-Dyson-eb1401.pdf;762
15;Mixed Fruits & Vegetables;Grapes (Conventional);9;;Preharvest;;Pruning+brush pulling ($0.45/vine) - Custom;$363.00 ;;;http://publications.dyson.cornell.edu/outreach/extensionpdf/2014/Cornell-Dyson-eb1401.pdf;763
15;Mixed Fruits & Vegetables;Grapes (Conventional);10;;Preharvest;;Pruning+brush pulling ($0.45/vine) - Custom;$363.00 ;;;http://publications.dyson.cornell.edu/outreach/extensionpdf/2014/Cornell-Dyson-eb1401.pdf;764
15;Mixed Fruits & Vegetables;Grapes (Conventional);11;;Preharvest;;Pruning+brush pulling ($0.45/vine) - Custom;$363.00 ;;;http://publications.dyson.cornell.edu/outreach/extensionpdf/2014/Cornell-Dyson-eb1401.pdf;765
15;Mixed Fruits & Vegetables;Grapes (Conventional);12;;Preharvest;;Pruning+brush pulling ($0.45/vine) - Custom;$363.00 ;;;http://publications.dyson.cornell.edu/outreach/extensionpdf/2014/Cornell-Dyson-eb1401.pdf;766
15;Mixed Fruits & Vegetables;Grapes (Conventional);13;;Preharvest;;Pruning+brush pulling ($0.45/vine) - Custom;$363.00 ;;;http://publications.dyson.cornell.edu/outreach/extensionpdf/2014/Cornell-Dyson-eb1401.pdf;767
15;Mixed Fruits & Vegetables;Grapes (Conventional);14;;Preharvest;;Pruning+brush pulling ($0.45/vine) - Custom;$363.00 ;;;http://publications.dyson.cornell.edu/outreach/extensionpdf/2014/Cornell-Dyson-eb1401.pdf;768
15;Mixed Fruits & Vegetables;Grapes (Conventional);15;;Preharvest;;Pruning+brush pulling ($0.45/vine) - Custom;$363.00 ;;;http://publications.dyson.cornell.edu/outreach/extensionpdf/2014/Cornell-Dyson-eb1401.pdf;769
15;Mixed Fruits & Vegetables;Grapes (Conventional);16;;Preharvest;;Pruning+brush pulling ($0.45/vine) - Custom;$363.00 ;;;http://publications.dyson.cornell.edu/outreach/extensionpdf/2014/Cornell-Dyson-eb1401.pdf;770
15;Mixed Fruits & Vegetables;Grapes (Conventional);17;;Preharvest;;Pruning+brush pulling ($0.45/vine) - Custom;$363.00 ;;;http://publications.dyson.cornell.edu/outreach/extensionpdf/2014/Cornell-Dyson-eb1401.pdf;771
15;Mixed Fruits & Vegetables;Grapes (Conventional);18;;Preharvest;;Pruning+brush pulling ($0.45/vine) - Custom;$363.00 ;;;http://publications.dyson.cornell.edu/outreach/extensionpdf/2014/Cornell-Dyson-eb1401.pdf;772
15;Mixed Fruits & Vegetables;Grapes (Conventional);19;;Preharvest;;Pruning+brush pulling ($0.45/vine) - Custom;$363.00 ;;;http://publications.dyson.cornell.edu/outreach/extensionpdf/2014/Cornell-Dyson-eb1401.pdf;773
15;Mixed Fruits & Vegetables;Grapes (Conventional);20;;Preharvest;;Pruning+brush pulling ($0.45/vine) - Custom;$363.00 ;;;http://publications.dyson.cornell.edu/outreach/extensionpdf/2014/Cornell-Dyson-eb1401.pdf;774
15;Mixed Fruits & Vegetables;Grapes (Conventional);21;;Preharvest;;Pruning+brush pulling ($0.45/vine) - Custom;$363.00 ;;;http://publications.dyson.cornell.edu/outreach/extensionpdf/2014/Cornell-Dyson-eb1401.pdf;775
15;Mixed Fruits & Vegetables;Grapes (Conventional);22;;Preharvest;;Pruning+brush pulling ($0.45/vine) - Custom;$363.00 ;;;http://publications.dyson.cornell.edu/outreach/extensionpdf/2014/Cornell-Dyson-eb1401.pdf;776
15;Mixed Fruits & Vegetables;Grapes (Conventional);4;;Preharvest;;Brush chopping - Skilled Labor Costs;$24.00 ;;;http://publications.dyson.cornell.edu/outreach/extensionpdf/2014/Cornell-Dyson-eb1401.pdf;777
15;Mixed Fruits & Vegetables;Grapes (Conventional);5;;Preharvest;;Brush chopping - Skilled Labor Costs;$24.00 ;;;http://publications.dyson.cornell.edu/outreach/extensionpdf/2014/Cornell-Dyson-eb1401.pdf;778
15;Mixed Fruits & Vegetables;Grapes (Conventional);6;;Preharvest;;Brush chopping - Skilled Labor Costs;$24.00 ;;;http://publications.dyson.cornell.edu/outreach/extensionpdf/2014/Cornell-Dyson-eb1401.pdf;779
15;Mixed Fruits & Vegetables;Grapes (Conventional);7;;Preharvest;;Brush chopping - Skilled Labor Costs;$24.00 ;;;http://publications.dyson.cornell.edu/outreach/extensionpdf/2014/Cornell-Dyson-eb1401.pdf;780
15;Mixed Fruits & Vegetables;Grapes (Conventional);8;;Preharvest;;Brush chopping - Skilled Labor Costs;$24.00 ;;;http://publications.dyson.cornell.edu/outreach/extensionpdf/2014/Cornell-Dyson-eb1401.pdf;781
15;Mixed Fruits & Vegetables;Grapes (Conventional);9;;Preharvest;;Brush chopping - Skilled Labor Costs;$24.00 ;;;http://publications.dyson.cornell.edu/outreach/extensionpdf/2014/Cornell-Dyson-eb1401.pdf;782
15;Mixed Fruits & Vegetables;Grapes (Conventional);10;;Preharvest;;Brush chopping - Skilled Labor Costs;$24.00 ;;;http://publications.dyson.cornell.edu/outreach/extensionpdf/2014/Cornell-Dyson-eb1401.pdf;783
15;Mixed Fruits & Vegetables;Grapes (Conventional);11;;Preharvest;;Brush chopping - Skilled Labor Costs;$24.00 ;;;http://publications.dyson.cornell.edu/outreach/extensionpdf/2014/Cornell-Dyson-eb1401.pdf;784
15;Mixed Fruits & Vegetables;Grapes (Conventional);12;;Preharvest;;Brush chopping - Skilled Labor Costs;$24.00 ;;;http://publications.dyson.cornell.edu/outreach/extensionpdf/2014/Cornell-Dyson-eb1401.pdf;785
15;Mixed Fruits & Vegetables;Grapes (Conventional);13;;Preharvest;;Brush chopping - Skilled Labor Costs;$24.00 ;;;http://publications.dyson.cornell.edu/outreach/extensionpdf/2014/Cornell-Dyson-eb1401.pdf;786
15;Mixed Fruits & Vegetables;Grapes (Conventional);14;;Preharvest;;Brush chopping - Skilled Labor Costs;$24.00 ;;;http://publications.dyson.cornell.edu/outreach/extensionpdf/2014/Cornell-Dyson-eb1401.pdf;787
15;Mixed Fruits & Vegetables;Grapes (Conventional);15;;Preharvest;;Brush chopping - Skilled Labor Costs;$24.00 ;;;http://publications.dyson.cornell.edu/outreach/extensionpdf/2014/Cornell-Dyson-eb1401.pdf;788
15;Mixed Fruits & Vegetables;Grapes (Conventional);16;;Preharvest;;Brush chopping - Skilled Labor Costs;$24.00 ;;;http://publications.dyson.cornell.edu/outreach/extensionpdf/2014/Cornell-Dyson-eb1401.pdf;789
15;Mixed Fruits & Vegetables;Grapes (Conventional);17;;Preharvest;;Brush chopping - Skilled Labor Costs;$24.00 ;;;http://publications.dyson.cornell.edu/outreach/extensionpdf/2014/Cornell-Dyson-eb1401.pdf;790
15;Mixed Fruits & Vegetables;Grapes (Conventional);18;;Preharvest;;Brush chopping - Skilled Labor Costs;$24.00 ;;;http://publications.dyson.cornell.edu/outreach/extensionpdf/2014/Cornell-Dyson-eb1401.pdf;791
15;Mixed Fruits & Vegetables;Grapes (Conventional);19;;Preharvest;;Brush chopping - Skilled Labor Costs;$24.00 ;;;http://publications.dyson.cornell.edu/outreach/extensionpdf/2014/Cornell-Dyson-eb1401.pdf;792
15;Mixed Fruits & Vegetables;Grapes (Conventional);20;;Preharvest;;Brush chopping - Skilled Labor Costs;$24.00 ;;;http://publications.dyson.cornell.edu/outreach/extensionpdf/2014/Cornell-Dyson-eb1401.pdf;793
15;Mixed Fruits & Vegetables;Grapes (Conventional);21;;Preharvest;;Brush chopping - Skilled Labor Costs;$24.00 ;;;http://publications.dyson.cornell.edu/outreach/extensionpdf/2014/Cornell-Dyson-eb1401.pdf;794
15;Mixed Fruits & Vegetables;Grapes (Conventional);22;;Preharvest;;Brush chopping - Skilled Labor Costs;$24.00 ;;;http://publications.dyson.cornell.edu/outreach/extensionpdf/2014/Cornell-Dyson-eb1401.pdf;795
15;Mixed Fruits & Vegetables;Grapes (Conventional);4;;Preharvest;;Brush chopping - Equipment Costs;$21.36 ;;;http://publications.dyson.cornell.edu/outreach/extensionpdf/2014/Cornell-Dyson-eb1401.pdf;796
15;Mixed Fruits & Vegetables;Grapes (Conventional);5;;Preharvest;;Brush chopping - Equipment Costs;$21.36 ;;;http://publications.dyson.cornell.edu/outreach/extensionpdf/2014/Cornell-Dyson-eb1401.pdf;797
15;Mixed Fruits & Vegetables;Grapes (Conventional);6;;Preharvest;;Brush chopping - Equipment Costs;$21.36 ;;;http://publications.dyson.cornell.edu/outreach/extensionpdf/2014/Cornell-Dyson-eb1401.pdf;798
15;Mixed Fruits & Vegetables;Grapes (Conventional);7;;Preharvest;;Brush chopping - Equipment Costs;$21.36 ;;;http://publications.dyson.cornell.edu/outreach/extensionpdf/2014/Cornell-Dyson-eb1401.pdf;799
15;Mixed Fruits & Vegetables;Grapes (Conventional);8;;Preharvest;;Brush chopping - Equipment Costs;$21.36 ;;;http://publications.dyson.cornell.edu/outreach/extensionpdf/2014/Cornell-Dyson-eb1401.pdf;800
15;Mixed Fruits & Vegetables;Grapes (Conventional);9;;Preharvest;;Brush chopping - Equipment Costs;$21.36 ;;;http://publications.dyson.cornell.edu/outreach/extensionpdf/2014/Cornell-Dyson-eb1401.pdf;801
15;Mixed Fruits & Vegetables;Grapes (Conventional);10;;Preharvest;;Brush chopping - Equipment Costs;$21.36 ;;;http://publications.dyson.cornell.edu/outreach/extensionpdf/2014/Cornell-Dyson-eb1401.pdf;802
15;Mixed Fruits & Vegetables;Grapes (Conventional);11;;Preharvest;;Brush chopping - Equipment Costs;$21.36 ;;;http://publications.dyson.cornell.edu/outreach/extensionpdf/2014/Cornell-Dyson-eb1401.pdf;803
15;Mixed Fruits & Vegetables;Grapes (Conventional);12;;Preharvest;;Brush chopping - Equipment Costs;$21.36 ;;;http://publications.dyson.cornell.edu/outreach/extensionpdf/2014/Cornell-Dyson-eb1401.pdf;804
15;Mixed Fruits & Vegetables;Grapes (Conventional);13;;Preharvest;;Brush chopping - Equipment Costs;$21.36 ;;;http://publications.dyson.cornell.edu/outreach/extensionpdf/2014/Cornell-Dyson-eb1401.pdf;805
15;Mixed Fruits & Vegetables;Grapes (Conventional);14;;Preharvest;;Brush chopping - Equipment Costs;$21.36 ;;;http://publications.dyson.cornell.edu/outreach/extensionpdf/2014/Cornell-Dyson-eb1401.pdf;806
15;Mixed Fruits & Vegetables;Grapes (Conventional);15;;Preharvest;;Brush chopping - Equipment Costs;$21.36 ;;;http://publications.dyson.cornell.edu/outreach/extensionpdf/2014/Cornell-Dyson-eb1401.pdf;807
15;Mixed Fruits & Vegetables;Grapes (Conventional);16;;Preharvest;;Brush chopping - Equipment Costs;$21.36 ;;;http://publications.dyson.cornell.edu/outreach/extensionpdf/2014/Cornell-Dyson-eb1401.pdf;808
15;Mixed Fruits & Vegetables;Grapes (Conventional);17;;Preharvest;;Brush chopping - Equipment Costs;$21.36 ;;;http://publications.dyson.cornell.edu/outreach/extensionpdf/2014/Cornell-Dyson-eb1401.pdf;809
15;Mixed Fruits & Vegetables;Grapes (Conventional);18;;Preharvest;;Brush chopping - Equipment Costs;$21.36 ;;;http://publications.dyson.cornell.edu/outreach/extensionpdf/2014/Cornell-Dyson-eb1401.pdf;810
15;Mixed Fruits & Vegetables;Grapes (Conventional);19;;Preharvest;;Brush chopping - Equipment Costs;$21.36 ;;;http://publications.dyson.cornell.edu/outreach/extensionpdf/2014/Cornell-Dyson-eb1401.pdf;811
15;Mixed Fruits & Vegetables;Grapes (Conventional);20;;Preharvest;;Brush chopping - Equipment Costs;$21.36 ;;;http://publications.dyson.cornell.edu/outreach/extensionpdf/2014/Cornell-Dyson-eb1401.pdf;812
15;Mixed Fruits & Vegetables;Grapes (Conventional);21;;Preharvest;;Brush chopping - Equipment Costs;$21.36 ;;;http://publications.dyson.cornell.edu/outreach/extensionpdf/2014/Cornell-Dyson-eb1401.pdf;813
15;Mixed Fruits & Vegetables;Grapes (Conventional);22;;Preharvest;;Brush chopping - Equipment Costs;$21.36 ;;;http://publications.dyson.cornell.edu/outreach/extensionpdf/2014/Cornell-Dyson-eb1401.pdf;814
15;Mixed Fruits & Vegetables;Grapes (Conventional);4;;Preharvest;;Trellis maintenance - Skilled Labor Costs;$80.00 ;;;http://publications.dyson.cornell.edu/outreach/extensionpdf/2014/Cornell-Dyson-eb1401.pdf;815
15;Mixed Fruits & Vegetables;Grapes (Conventional);5;;Preharvest;;Trellis maintenance - Skilled Labor Costs;$80.00 ;;;http://publications.dyson.cornell.edu/outreach/extensionpdf/2014/Cornell-Dyson-eb1401.pdf;816
15;Mixed Fruits & Vegetables;Grapes (Conventional);6;;Preharvest;;Trellis maintenance - Skilled Labor Costs;$80.00 ;;;http://publications.dyson.cornell.edu/outreach/extensionpdf/2014/Cornell-Dyson-eb1401.pdf;817
15;Mixed Fruits & Vegetables;Grapes (Conventional);7;;Preharvest;;Trellis maintenance - Skilled Labor Costs;$80.00 ;;;http://publications.dyson.cornell.edu/outreach/extensionpdf/2014/Cornell-Dyson-eb1401.pdf;818
15;Mixed Fruits & Vegetables;Grapes (Conventional);8;;Preharvest;;Trellis maintenance - Skilled Labor Costs;$80.00 ;;;http://publications.dyson.cornell.edu/outreach/extensionpdf/2014/Cornell-Dyson-eb1401.pdf;819
15;Mixed Fruits & Vegetables;Grapes (Conventional);9;;Preharvest;;Trellis maintenance - Skilled Labor Costs;$80.00 ;;;http://publications.dyson.cornell.edu/outreach/extensionpdf/2014/Cornell-Dyson-eb1401.pdf;820
15;Mixed Fruits & Vegetables;Grapes (Conventional);10;;Preharvest;;Trellis maintenance - Skilled Labor Costs;$80.00 ;;;http://publications.dyson.cornell.edu/outreach/extensionpdf/2014/Cornell-Dyson-eb1401.pdf;821
15;Mixed Fruits & Vegetables;Grapes (Conventional);11;;Preharvest;;Trellis maintenance - Skilled Labor Costs;$80.00 ;;;http://publications.dyson.cornell.edu/outreach/extensionpdf/2014/Cornell-Dyson-eb1401.pdf;822
15;Mixed Fruits & Vegetables;Grapes (Conventional);12;;Preharvest;;Trellis maintenance - Skilled Labor Costs;$80.00 ;;;http://publications.dyson.cornell.edu/outreach/extensionpdf/2014/Cornell-Dyson-eb1401.pdf;823
15;Mixed Fruits & Vegetables;Grapes (Conventional);13;;Preharvest;;Trellis maintenance - Skilled Labor Costs;$80.00 ;;;http://publications.dyson.cornell.edu/outreach/extensionpdf/2014/Cornell-Dyson-eb1401.pdf;824
15;Mixed Fruits & Vegetables;Grapes (Conventional);14;;Preharvest;;Trellis maintenance - Skilled Labor Costs;$80.00 ;;;http://publications.dyson.cornell.edu/outreach/extensionpdf/2014/Cornell-Dyson-eb1401.pdf;825
15;Mixed Fruits & Vegetables;Grapes (Conventional);15;;Preharvest;;Trellis maintenance - Skilled Labor Costs;$80.00 ;;;http://publications.dyson.cornell.edu/outreach/extensionpdf/2014/Cornell-Dyson-eb1401.pdf;826
15;Mixed Fruits & Vegetables;Grapes (Conventional);16;;Preharvest;;Trellis maintenance - Skilled Labor Costs;$80.00 ;;;http://publications.dyson.cornell.edu/outreach/extensionpdf/2014/Cornell-Dyson-eb1401.pdf;827
15;Mixed Fruits & Vegetables;Grapes (Conventional);17;;Preharvest;;Trellis maintenance - Skilled Labor Costs;$80.00 ;;;http://publications.dyson.cornell.edu/outreach/extensionpdf/2014/Cornell-Dyson-eb1401.pdf;828
15;Mixed Fruits & Vegetables;Grapes (Conventional);18;;Preharvest;;Trellis maintenance - Skilled Labor Costs;$80.00 ;;;http://publications.dyson.cornell.edu/outreach/extensionpdf/2014/Cornell-Dyson-eb1401.pdf;829
15;Mixed Fruits & Vegetables;Grapes (Conventional);19;;Preharvest;;Trellis maintenance - Skilled Labor Costs;$80.00 ;;;http://publications.dyson.cornell.edu/outreach/extensionpdf/2014/Cornell-Dyson-eb1401.pdf;830
15;Mixed Fruits & Vegetables;Grapes (Conventional);20;;Preharvest;;Trellis maintenance - Skilled Labor Costs;$80.00 ;;;http://publications.dyson.cornell.edu/outreach/extensionpdf/2014/Cornell-Dyson-eb1401.pdf;831
15;Mixed Fruits & Vegetables;Grapes (Conventional);21;;Preharvest;;Trellis maintenance - Skilled Labor Costs;$80.00 ;;;http://publications.dyson.cornell.edu/outreach/extensionpdf/2014/Cornell-Dyson-eb1401.pdf;832
15;Mixed Fruits & Vegetables;Grapes (Conventional);22;;Preharvest;;Trellis maintenance - Skilled Labor Costs;$80.00 ;;;http://publications.dyson.cornell.edu/outreach/extensionpdf/2014/Cornell-Dyson-eb1401.pdf;833
15;Mixed Fruits & Vegetables;Grapes (Conventional);4;;Preharvest;;Trellis maintenance - Equipment Costs;$16.59 ;;;http://publications.dyson.cornell.edu/outreach/extensionpdf/2014/Cornell-Dyson-eb1401.pdf;834
15;Mixed Fruits & Vegetables;Grapes (Conventional);5;;Preharvest;;Trellis maintenance - Equipment Costs;$16.59 ;;;http://publications.dyson.cornell.edu/outreach/extensionpdf/2014/Cornell-Dyson-eb1401.pdf;835
15;Mixed Fruits & Vegetables;Grapes (Conventional);6;;Preharvest;;Trellis maintenance - Equipment Costs;$16.59 ;;;http://publications.dyson.cornell.edu/outreach/extensionpdf/2014/Cornell-Dyson-eb1401.pdf;836
15;Mixed Fruits & Vegetables;Grapes (Conventional);7;;Preharvest;;Trellis maintenance - Equipment Costs;$16.59 ;;;http://publications.dyson.cornell.edu/outreach/extensionpdf/2014/Cornell-Dyson-eb1401.pdf;837
15;Mixed Fruits & Vegetables;Grapes (Conventional);8;;Preharvest;;Trellis maintenance - Equipment Costs;$16.59 ;;;http://publications.dyson.cornell.edu/outreach/extensionpdf/2014/Cornell-Dyson-eb1401.pdf;838
15;Mixed Fruits & Vegetables;Grapes (Conventional);9;;Preharvest;;Trellis maintenance - Equipment Costs;$16.59 ;;;http://publications.dyson.cornell.edu/outreach/extensionpdf/2014/Cornell-Dyson-eb1401.pdf;839
15;Mixed Fruits & Vegetables;Grapes (Conventional);10;;Preharvest;;Trellis maintenance - Equipment Costs;$16.59 ;;;http://publications.dyson.cornell.edu/outreach/extensionpdf/2014/Cornell-Dyson-eb1401.pdf;840
15;Mixed Fruits & Vegetables;Grapes (Conventional);11;;Preharvest;;Trellis maintenance - Equipment Costs;$16.59 ;;;http://publications.dyson.cornell.edu/outreach/extensionpdf/2014/Cornell-Dyson-eb1401.pdf;841
15;Mixed Fruits & Vegetables;Grapes (Conventional);12;;Preharvest;;Trellis maintenance - Equipment Costs;$16.59 ;;;http://publications.dyson.cornell.edu/outreach/extensionpdf/2014/Cornell-Dyson-eb1401.pdf;842
15;Mixed Fruits & Vegetables;Grapes (Conventional);13;;Preharvest;;Trellis maintenance - Equipment Costs;$16.59 ;;;http://publications.dyson.cornell.edu/outreach/extensionpdf/2014/Cornell-Dyson-eb1401.pdf;843
15;Mixed Fruits & Vegetables;Grapes (Conventional);14;;Preharvest;;Trellis maintenance - Equipment Costs;$16.59 ;;;http://publications.dyson.cornell.edu/outreach/extensionpdf/2014/Cornell-Dyson-eb1401.pdf;844
15;Mixed Fruits & Vegetables;Grapes (Conventional);15;;Preharvest;;Trellis maintenance - Equipment Costs;$16.59 ;;;http://publications.dyson.cornell.edu/outreach/extensionpdf/2014/Cornell-Dyson-eb1401.pdf;845
15;Mixed Fruits & Vegetables;Grapes (Conventional);16;;Preharvest;;Trellis maintenance - Equipment Costs;$16.59 ;;;http://publications.dyson.cornell.edu/outreach/extensionpdf/2014/Cornell-Dyson-eb1401.pdf;846
15;Mixed Fruits & Vegetables;Grapes (Conventional);17;;Preharvest;;Trellis maintenance - Equipment Costs;$16.59 ;;;http://publications.dyson.cornell.edu/outreach/extensionpdf/2014/Cornell-Dyson-eb1401.pdf;847
15;Mixed Fruits & Vegetables;Grapes (Conventional);18;;Preharvest;;Trellis maintenance - Equipment Costs;$16.59 ;;;http://publications.dyson.cornell.edu/outreach/extensionpdf/2014/Cornell-Dyson-eb1401.pdf;848
15;Mixed Fruits & Vegetables;Grapes (Conventional);19;;Preharvest;;Trellis maintenance - Equipment Costs;$16.59 ;;;http://publications.dyson.cornell.edu/outreach/extensionpdf/2014/Cornell-Dyson-eb1401.pdf;849
15;Mixed Fruits & Vegetables;Grapes (Conventional);20;;Preharvest;;Trellis maintenance - Equipment Costs;$16.59 ;;;http://publications.dyson.cornell.edu/outreach/extensionpdf/2014/Cornell-Dyson-eb1401.pdf;850
15;Mixed Fruits & Vegetables;Grapes (Conventional);21;;Preharvest;;Trellis maintenance - Equipment Costs;$16.59 ;;;http://publications.dyson.cornell.edu/outreach/extensionpdf/2014/Cornell-Dyson-eb1401.pdf;851
15;Mixed Fruits & Vegetables;Grapes (Conventional);22;;Preharvest;;Trellis maintenance - Equipment Costs;$16.59 ;;;http://publications.dyson.cornell.edu/outreach/extensionpdf/2014/Cornell-Dyson-eb1401.pdf;852
15;Mixed Fruits & Vegetables;Grapes (Conventional);4;;Preharvest;;Trellis maintenance - Materials Costs;$30.00 ;;;http://publications.dyson.cornell.edu/outreach/extensionpdf/2014/Cornell-Dyson-eb1401.pdf;853
15;Mixed Fruits & Vegetables;Grapes (Conventional);5;;Preharvest;;Trellis maintenance - Materials Costs;$30.00 ;;;http://publications.dyson.cornell.edu/outreach/extensionpdf/2014/Cornell-Dyson-eb1401.pdf;854
15;Mixed Fruits & Vegetables;Grapes (Conventional);6;;Preharvest;;Trellis maintenance - Materials Costs;$30.00 ;;;http://publications.dyson.cornell.edu/outreach/extensionpdf/2014/Cornell-Dyson-eb1401.pdf;855
15;Mixed Fruits & Vegetables;Grapes (Conventional);7;;Preharvest;;Trellis maintenance - Materials Costs;$30.00 ;;;http://publications.dyson.cornell.edu/outreach/extensionpdf/2014/Cornell-Dyson-eb1401.pdf;856
15;Mixed Fruits & Vegetables;Grapes (Conventional);8;;Preharvest;;Trellis maintenance - Materials Costs;$30.00 ;;;http://publications.dyson.cornell.edu/outreach/extensionpdf/2014/Cornell-Dyson-eb1401.pdf;857
15;Mixed Fruits & Vegetables;Grapes (Conventional);9;;Preharvest;;Trellis maintenance - Materials Costs;$30.00 ;;;http://publications.dyson.cornell.edu/outreach/extensionpdf/2014/Cornell-Dyson-eb1401.pdf;858
15;Mixed Fruits & Vegetables;Grapes (Conventional);10;;Preharvest;;Trellis maintenance - Materials Costs;$30.00 ;;;http://publications.dyson.cornell.edu/outreach/extensionpdf/2014/Cornell-Dyson-eb1401.pdf;859
15;Mixed Fruits & Vegetables;Grapes (Conventional);11;;Preharvest;;Trellis maintenance - Materials Costs;$30.00 ;;;http://publications.dyson.cornell.edu/outreach/extensionpdf/2014/Cornell-Dyson-eb1401.pdf;860
15;Mixed Fruits & Vegetables;Grapes (Conventional);12;;Preharvest;;Trellis maintenance - Materials Costs;$30.00 ;;;http://publications.dyson.cornell.edu/outreach/extensionpdf/2014/Cornell-Dyson-eb1401.pdf;861
15;Mixed Fruits & Vegetables;Grapes (Conventional);13;;Preharvest;;Trellis maintenance - Materials Costs;$30.00 ;;;http://publications.dyson.cornell.edu/outreach/extensionpdf/2014/Cornell-Dyson-eb1401.pdf;862
15;Mixed Fruits & Vegetables;Grapes (Conventional);14;;Preharvest;;Trellis maintenance - Materials Costs;$30.00 ;;;http://publications.dyson.cornell.edu/outreach/extensionpdf/2014/Cornell-Dyson-eb1401.pdf;863
15;Mixed Fruits & Vegetables;Grapes (Conventional);15;;Preharvest;;Trellis maintenance - Materials Costs;$30.00 ;;;http://publications.dyson.cornell.edu/outreach/extensionpdf/2014/Cornell-Dyson-eb1401.pdf;864
15;Mixed Fruits & Vegetables;Grapes (Conventional);16;;Preharvest;;Trellis maintenance - Materials Costs;$30.00 ;;;http://publications.dyson.cornell.edu/outreach/extensionpdf/2014/Cornell-Dyson-eb1401.pdf;865
15;Mixed Fruits & Vegetables;Grapes (Conventional);17;;Preharvest;;Trellis maintenance - Materials Costs;$30.00 ;;;http://publications.dyson.cornell.edu/outreach/extensionpdf/2014/Cornell-Dyson-eb1401.pdf;866
15;Mixed Fruits & Vegetables;Grapes (Conventional);18;;Preharvest;;Trellis maintenance - Materials Costs;$30.00 ;;;http://publications.dyson.cornell.edu/outreach/extensionpdf/2014/Cornell-Dyson-eb1401.pdf;867
15;Mixed Fruits & Vegetables;Grapes (Conventional);19;;Preharvest;;Trellis maintenance - Materials Costs;$30.00 ;;;http://publications.dyson.cornell.edu/outreach/extensionpdf/2014/Cornell-Dyson-eb1401.pdf;868
15;Mixed Fruits & Vegetables;Grapes (Conventional);20;;Preharvest;;Trellis maintenance - Materials Costs;$30.00 ;;;http://publications.dyson.cornell.edu/outreach/extensionpdf/2014/Cornell-Dyson-eb1401.pdf;869
15;Mixed Fruits & Vegetables;Grapes (Conventional);21;;Preharvest;;Trellis maintenance - Materials Costs;$30.00 ;;;http://publications.dyson.cornell.edu/outreach/extensionpdf/2014/Cornell-Dyson-eb1401.pdf;870
15;Mixed Fruits & Vegetables;Grapes (Conventional);22;;Preharvest;;Trellis maintenance - Materials Costs;$30.00 ;;;http://publications.dyson.cornell.edu/outreach/extensionpdf/2014/Cornell-Dyson-eb1401.pdf;871
15;Mixed Fruits & Vegetables;Grapes (Conventional);4;;Preharvest;;Tying & renewal ($0.23/vine) - Custom Labor;$185.53 ;;;http://publications.dyson.cornell.edu/outreach/extensionpdf/2014/Cornell-Dyson-eb1401.pdf;872
15;Mixed Fruits & Vegetables;Grapes (Conventional);5;;Preharvest;;Tying & renewal ($0.23/vine) - Custom Labor;$185.53 ;;;http://publications.dyson.cornell.edu/outreach/extensionpdf/2014/Cornell-Dyson-eb1401.pdf;873
15;Mixed Fruits & Vegetables;Grapes (Conventional);6;;Preharvest;;Tying & renewal ($0.23/vine) - Custom Labor;$185.53 ;;;http://publications.dyson.cornell.edu/outreach/extensionpdf/2014/Cornell-Dyson-eb1401.pdf;874
15;Mixed Fruits & Vegetables;Grapes (Conventional);7;;Preharvest;;Tying & renewal ($0.23/vine) - Custom Labor;$185.53 ;;;http://publications.dyson.cornell.edu/outreach/extensionpdf/2014/Cornell-Dyson-eb1401.pdf;875
15;Mixed Fruits & Vegetables;Grapes (Conventional);8;;Preharvest;;Tying & renewal ($0.23/vine) - Custom Labor;$185.53 ;;;http://publications.dyson.cornell.edu/outreach/extensionpdf/2014/Cornell-Dyson-eb1401.pdf;876
15;Mixed Fruits & Vegetables;Grapes (Conventional);9;;Preharvest;;Tying & renewal ($0.23/vine) - Custom Labor;$185.53 ;;;http://publications.dyson.cornell.edu/outreach/extensionpdf/2014/Cornell-Dyson-eb1401.pdf;877
15;Mixed Fruits & Vegetables;Grapes (Conventional);10;;Preharvest;;Tying & renewal ($0.23/vine) - Custom Labor;$185.53 ;;;http://publications.dyson.cornell.edu/outreach/extensionpdf/2014/Cornell-Dyson-eb1401.pdf;878
15;Mixed Fruits & Vegetables;Grapes (Conventional);11;;Preharvest;;Tying & renewal ($0.23/vine) - Custom Labor;$185.53 ;;;http://publications.dyson.cornell.edu/outreach/extensionpdf/2014/Cornell-Dyson-eb1401.pdf;879
15;Mixed Fruits & Vegetables;Grapes (Conventional);12;;Preharvest;;Tying & renewal ($0.23/vine) - Custom Labor;$185.53 ;;;http://publications.dyson.cornell.edu/outreach/extensionpdf/2014/Cornell-Dyson-eb1401.pdf;880
15;Mixed Fruits & Vegetables;Grapes (Conventional);13;;Preharvest;;Tying & renewal ($0.23/vine) - Custom Labor;$185.53 ;;;http://publications.dyson.cornell.edu/outreach/extensionpdf/2014/Cornell-Dyson-eb1401.pdf;881
15;Mixed Fruits & Vegetables;Grapes (Conventional);14;;Preharvest;;Tying & renewal ($0.23/vine) - Custom Labor;$185.53 ;;;http://publications.dyson.cornell.edu/outreach/extensionpdf/2014/Cornell-Dyson-eb1401.pdf;882
15;Mixed Fruits & Vegetables;Grapes (Conventional);15;;Preharvest;;Tying & renewal ($0.23/vine) - Custom Labor;$185.53 ;;;http://publications.dyson.cornell.edu/outreach/extensionpdf/2014/Cornell-Dyson-eb1401.pdf;883
15;Mixed Fruits & Vegetables;Grapes (Conventional);16;;Preharvest;;Tying & renewal ($0.23/vine) - Custom Labor;$185.53 ;;;http://publications.dyson.cornell.edu/outreach/extensionpdf/2014/Cornell-Dyson-eb1401.pdf;884
15;Mixed Fruits & Vegetables;Grapes (Conventional);17;;Preharvest;;Tying & renewal ($0.23/vine) - Custom Labor;$185.53 ;;;http://publications.dyson.cornell.edu/outreach/extensionpdf/2014/Cornell-Dyson-eb1401.pdf;885
15;Mixed Fruits & Vegetables;Grapes (Conventional);18;;Preharvest;;Tying & renewal ($0.23/vine) - Custom Labor;$185.53 ;;;http://publications.dyson.cornell.edu/outreach/extensionpdf/2014/Cornell-Dyson-eb1401.pdf;886
15;Mixed Fruits & Vegetables;Grapes (Conventional);19;;Preharvest;;Tying & renewal ($0.23/vine) - Custom Labor;$185.53 ;;;http://publications.dyson.cornell.edu/outreach/extensionpdf/2014/Cornell-Dyson-eb1401.pdf;887
15;Mixed Fruits & Vegetables;Grapes (Conventional);20;;Preharvest;;Tying & renewal ($0.23/vine) - Custom Labor;$185.53 ;;;http://publications.dyson.cornell.edu/outreach/extensionpdf/2014/Cornell-Dyson-eb1401.pdf;888
15;Mixed Fruits & Vegetables;Grapes (Conventional);21;;Preharvest;;Tying & renewal ($0.23/vine) - Custom Labor;$185.53 ;;;http://publications.dyson.cornell.edu/outreach/extensionpdf/2014/Cornell-Dyson-eb1401.pdf;889
15;Mixed Fruits & Vegetables;Grapes (Conventional);22;;Preharvest;;Tying & renewal ($0.23/vine) - Custom Labor;$185.53 ;;;http://publications.dyson.cornell.edu/outreach/extensionpdf/2014/Cornell-Dyson-eb1401.pdf;890
15;Mixed Fruits & Vegetables;Grapes (Conventional);4;;Preharvest;;Tying & renewal ($0.23/vine) - Material Costs;$3.15 ;;;http://publications.dyson.cornell.edu/outreach/extensionpdf/2014/Cornell-Dyson-eb1401.pdf;891
15;Mixed Fruits & Vegetables;Grapes (Conventional);5;;Preharvest;;Tying & renewal ($0.23/vine) - Material Costs;$3.15 ;;;http://publications.dyson.cornell.edu/outreach/extensionpdf/2014/Cornell-Dyson-eb1401.pdf;892
15;Mixed Fruits & Vegetables;Grapes (Conventional);6;;Preharvest;;Tying & renewal ($0.23/vine) - Material Costs;$3.15 ;;;http://publications.dyson.cornell.edu/outreach/extensionpdf/2014/Cornell-Dyson-eb1401.pdf;893
15;Mixed Fruits & Vegetables;Grapes (Conventional);7;;Preharvest;;Tying & renewal ($0.23/vine) - Material Costs;$3.15 ;;;http://publications.dyson.cornell.edu/outreach/extensionpdf/2014/Cornell-Dyson-eb1401.pdf;894
15;Mixed Fruits & Vegetables;Grapes (Conventional);8;;Preharvest;;Tying & renewal ($0.23/vine) - Material Costs;$3.15 ;;;http://publications.dyson.cornell.edu/outreach/extensionpdf/2014/Cornell-Dyson-eb1401.pdf;895
15;Mixed Fruits & Vegetables;Grapes (Conventional);9;;Preharvest;;Tying & renewal ($0.23/vine) - Material Costs;$3.15 ;;;http://publications.dyson.cornell.edu/outreach/extensionpdf/2014/Cornell-Dyson-eb1401.pdf;896
15;Mixed Fruits & Vegetables;Grapes (Conventional);10;;Preharvest;;Tying & renewal ($0.23/vine) - Material Costs;$3.15 ;;;http://publications.dyson.cornell.edu/outreach/extensionpdf/2014/Cornell-Dyson-eb1401.pdf;897
15;Mixed Fruits & Vegetables;Grapes (Conventional);11;;Preharvest;;Tying & renewal ($0.23/vine) - Material Costs;$3.15 ;;;http://publications.dyson.cornell.edu/outreach/extensionpdf/2014/Cornell-Dyson-eb1401.pdf;898
15;Mixed Fruits & Vegetables;Grapes (Conventional);12;;Preharvest;;Tying & renewal ($0.23/vine) - Material Costs;$3.15 ;;;http://publications.dyson.cornell.edu/outreach/extensionpdf/2014/Cornell-Dyson-eb1401.pdf;899
15;Mixed Fruits & Vegetables;Grapes (Conventional);13;;Preharvest;;Tying & renewal ($0.23/vine) - Material Costs;$3.15 ;;;http://publications.dyson.cornell.edu/outreach/extensionpdf/2014/Cornell-Dyson-eb1401.pdf;900
15;Mixed Fruits & Vegetables;Grapes (Conventional);14;;Preharvest;;Tying & renewal ($0.23/vine) - Material Costs;$3.15 ;;;http://publications.dyson.cornell.edu/outreach/extensionpdf/2014/Cornell-Dyson-eb1401.pdf;901
15;Mixed Fruits & Vegetables;Grapes (Conventional);15;;Preharvest;;Tying & renewal ($0.23/vine) - Material Costs;$3.15 ;;;http://publications.dyson.cornell.edu/outreach/extensionpdf/2014/Cornell-Dyson-eb1401.pdf;902
15;Mixed Fruits & Vegetables;Grapes (Conventional);16;;Preharvest;;Tying & renewal ($0.23/vine) - Material Costs;$3.15 ;;;http://publications.dyson.cornell.edu/outreach/extensionpdf/2014/Cornell-Dyson-eb1401.pdf;903
15;Mixed Fruits & Vegetables;Grapes (Conventional);17;;Preharvest;;Tying & renewal ($0.23/vine) - Material Costs;$3.15 ;;;http://publications.dyson.cornell.edu/outreach/extensionpdf/2014/Cornell-Dyson-eb1401.pdf;904
15;Mixed Fruits & Vegetables;Grapes (Conventional);18;;Preharvest;;Tying & renewal ($0.23/vine) - Material Costs;$3.15 ;;;http://publications.dyson.cornell.edu/outreach/extensionpdf/2014/Cornell-Dyson-eb1401.pdf;905
15;Mixed Fruits & Vegetables;Grapes (Conventional);19;;Preharvest;;Tying & renewal ($0.23/vine) - Material Costs;$3.15 ;;;http://publications.dyson.cornell.edu/outreach/extensionpdf/2014/Cornell-Dyson-eb1401.pdf;906
15;Mixed Fruits & Vegetables;Grapes (Conventional);20;;Preharvest;;Tying & renewal ($0.23/vine) - Material Costs;$3.15 ;;;http://publications.dyson.cornell.edu/outreach/extensionpdf/2014/Cornell-Dyson-eb1401.pdf;907
15;Mixed Fruits & Vegetables;Grapes (Conventional);21;;Preharvest;;Tying & renewal ($0.23/vine) - Material Costs;$3.15 ;;;http://publications.dyson.cornell.edu/outreach/extensionpdf/2014/Cornell-Dyson-eb1401.pdf;908
15;Mixed Fruits & Vegetables;Grapes (Conventional);22;;Preharvest;;Tying & renewal ($0.23/vine) - Material Costs;$3.15 ;;;http://publications.dyson.cornell.edu/outreach/extensionpdf/2014/Cornell-Dyson-eb1401.pdf;909
15;Mixed Fruits & Vegetables;Grapes (Conventional);4;;Preharvest;;Vine Replacement - Skilled Labor Costs;$40.00 ;;;http://publications.dyson.cornell.edu/outreach/extensionpdf/2014/Cornell-Dyson-eb1401.pdf;910
15;Mixed Fruits & Vegetables;Grapes (Conventional);5;;Preharvest;;Vine Replacement - Skilled Labor Costs;$40.00 ;;;http://publications.dyson.cornell.edu/outreach/extensionpdf/2014/Cornell-Dyson-eb1401.pdf;911
15;Mixed Fruits & Vegetables;Grapes (Conventional);6;;Preharvest;;Vine Replacement - Skilled Labor Costs;$40.00 ;;;http://publications.dyson.cornell.edu/outreach/extensionpdf/2014/Cornell-Dyson-eb1401.pdf;912
15;Mixed Fruits & Vegetables;Grapes (Conventional);7;;Preharvest;;Vine Replacement - Skilled Labor Costs;$40.00 ;;;http://publications.dyson.cornell.edu/outreach/extensionpdf/2014/Cornell-Dyson-eb1401.pdf;913
15;Mixed Fruits & Vegetables;Grapes (Conventional);8;;Preharvest;;Vine Replacement - Skilled Labor Costs;$40.00 ;;;http://publications.dyson.cornell.edu/outreach/extensionpdf/2014/Cornell-Dyson-eb1401.pdf;914
15;Mixed Fruits & Vegetables;Grapes (Conventional);9;;Preharvest;;Vine Replacement - Skilled Labor Costs;$40.00 ;;;http://publications.dyson.cornell.edu/outreach/extensionpdf/2014/Cornell-Dyson-eb1401.pdf;915
15;Mixed Fruits & Vegetables;Grapes (Conventional);10;;Preharvest;;Vine Replacement - Skilled Labor Costs;$40.00 ;;;http://publications.dyson.cornell.edu/outreach/extensionpdf/2014/Cornell-Dyson-eb1401.pdf;916
15;Mixed Fruits & Vegetables;Grapes (Conventional);11;;Preharvest;;Vine Replacement - Skilled Labor Costs;$40.00 ;;;http://publications.dyson.cornell.edu/outreach/extensionpdf/2014/Cornell-Dyson-eb1401.pdf;917
15;Mixed Fruits & Vegetables;Grapes (Conventional);12;;Preharvest;;Vine Replacement - Skilled Labor Costs;$40.00 ;;;http://publications.dyson.cornell.edu/outreach/extensionpdf/2014/Cornell-Dyson-eb1401.pdf;918
15;Mixed Fruits & Vegetables;Grapes (Conventional);13;;Preharvest;;Vine Replacement - Skilled Labor Costs;$40.00 ;;;http://publications.dyson.cornell.edu/outreach/extensionpdf/2014/Cornell-Dyson-eb1401.pdf;919
15;Mixed Fruits & Vegetables;Grapes (Conventional);14;;Preharvest;;Vine Replacement - Skilled Labor Costs;$40.00 ;;;http://publications.dyson.cornell.edu/outreach/extensionpdf/2014/Cornell-Dyson-eb1401.pdf;920
15;Mixed Fruits & Vegetables;Grapes (Conventional);15;;Preharvest;;Vine Replacement - Skilled Labor Costs;$40.00 ;;;http://publications.dyson.cornell.edu/outreach/extensionpdf/2014/Cornell-Dyson-eb1401.pdf;921
15;Mixed Fruits & Vegetables;Grapes (Conventional);16;;Preharvest;;Vine Replacement - Skilled Labor Costs;$40.00 ;;;http://publications.dyson.cornell.edu/outreach/extensionpdf/2014/Cornell-Dyson-eb1401.pdf;922
15;Mixed Fruits & Vegetables;Grapes (Conventional);17;;Preharvest;;Vine Replacement - Skilled Labor Costs;$40.00 ;;;http://publications.dyson.cornell.edu/outreach/extensionpdf/2014/Cornell-Dyson-eb1401.pdf;923
15;Mixed Fruits & Vegetables;Grapes (Conventional);18;;Preharvest;;Vine Replacement - Skilled Labor Costs;$40.00 ;;;http://publications.dyson.cornell.edu/outreach/extensionpdf/2014/Cornell-Dyson-eb1401.pdf;924
15;Mixed Fruits & Vegetables;Grapes (Conventional);19;;Preharvest;;Vine Replacement - Skilled Labor Costs;$40.00 ;;;http://publications.dyson.cornell.edu/outreach/extensionpdf/2014/Cornell-Dyson-eb1401.pdf;925
15;Mixed Fruits & Vegetables;Grapes (Conventional);20;;Preharvest;;Vine Replacement - Skilled Labor Costs;$40.00 ;;;http://publications.dyson.cornell.edu/outreach/extensionpdf/2014/Cornell-Dyson-eb1401.pdf;926
15;Mixed Fruits & Vegetables;Grapes (Conventional);21;;Preharvest;;Vine Replacement - Skilled Labor Costs;$40.00 ;;;http://publications.dyson.cornell.edu/outreach/extensionpdf/2014/Cornell-Dyson-eb1401.pdf;927
15;Mixed Fruits & Vegetables;Grapes (Conventional);22;;Preharvest;;Vine Replacement - Skilled Labor Costs;$40.00 ;;;http://publications.dyson.cornell.edu/outreach/extensionpdf/2014/Cornell-Dyson-eb1401.pdf;928
15;Mixed Fruits & Vegetables;Grapes (Conventional);4;;Preharvest;;Vine Replacement - Equipment Costs;$37.97 ;;;http://publications.dyson.cornell.edu/outreach/extensionpdf/2014/Cornell-Dyson-eb1401.pdf;929
15;Mixed Fruits & Vegetables;Grapes (Conventional);5;;Preharvest;;Vine Replacement - Equipment Costs;$37.97 ;;;http://publications.dyson.cornell.edu/outreach/extensionpdf/2014/Cornell-Dyson-eb1401.pdf;930
15;Mixed Fruits & Vegetables;Grapes (Conventional);6;;Preharvest;;Vine Replacement - Equipment Costs;$37.97 ;;;http://publications.dyson.cornell.edu/outreach/extensionpdf/2014/Cornell-Dyson-eb1401.pdf;931
15;Mixed Fruits & Vegetables;Grapes (Conventional);7;;Preharvest;;Vine Replacement - Equipment Costs;$37.97 ;;;http://publications.dyson.cornell.edu/outreach/extensionpdf/2014/Cornell-Dyson-eb1401.pdf;932
15;Mixed Fruits & Vegetables;Grapes (Conventional);8;;Preharvest;;Vine Replacement - Equipment Costs;$37.97 ;;;http://publications.dyson.cornell.edu/outreach/extensionpdf/2014/Cornell-Dyson-eb1401.pdf;933
15;Mixed Fruits & Vegetables;Grapes (Conventional);9;;Preharvest;;Vine Replacement - Equipment Costs;$37.97 ;;;http://publications.dyson.cornell.edu/outreach/extensionpdf/2014/Cornell-Dyson-eb1401.pdf;934
15;Mixed Fruits & Vegetables;Grapes (Conventional);10;;Preharvest;;Vine Replacement - Equipment Costs;$37.97 ;;;http://publications.dyson.cornell.edu/outreach/extensionpdf/2014/Cornell-Dyson-eb1401.pdf;935
15;Mixed Fruits & Vegetables;Grapes (Conventional);11;;Preharvest;;Vine Replacement - Equipment Costs;$37.97 ;;;http://publications.dyson.cornell.edu/outreach/extensionpdf/2014/Cornell-Dyson-eb1401.pdf;936
15;Mixed Fruits & Vegetables;Grapes (Conventional);12;;Preharvest;;Vine Replacement - Equipment Costs;$37.97 ;;;http://publications.dyson.cornell.edu/outreach/extensionpdf/2014/Cornell-Dyson-eb1401.pdf;937
15;Mixed Fruits & Vegetables;Grapes (Conventional);13;;Preharvest;;Vine Replacement - Equipment Costs;$37.97 ;;;http://publications.dyson.cornell.edu/outreach/extensionpdf/2014/Cornell-Dyson-eb1401.pdf;938
15;Mixed Fruits & Vegetables;Grapes (Conventional);14;;Preharvest;;Vine Replacement - Equipment Costs;$37.97 ;;;http://publications.dyson.cornell.edu/outreach/extensionpdf/2014/Cornell-Dyson-eb1401.pdf;939
15;Mixed Fruits & Vegetables;Grapes (Conventional);15;;Preharvest;;Vine Replacement - Equipment Costs;$37.97 ;;;http://publications.dyson.cornell.edu/outreach/extensionpdf/2014/Cornell-Dyson-eb1401.pdf;940
15;Mixed Fruits & Vegetables;Grapes (Conventional);16;;Preharvest;;Vine Replacement - Equipment Costs;$37.97 ;;;http://publications.dyson.cornell.edu/outreach/extensionpdf/2014/Cornell-Dyson-eb1401.pdf;941
15;Mixed Fruits & Vegetables;Grapes (Conventional);17;;Preharvest;;Vine Replacement - Equipment Costs;$37.97 ;;;http://publications.dyson.cornell.edu/outreach/extensionpdf/2014/Cornell-Dyson-eb1401.pdf;942
15;Mixed Fruits & Vegetables;Grapes (Conventional);18;;Preharvest;;Vine Replacement - Equipment Costs;$37.97 ;;;http://publications.dyson.cornell.edu/outreach/extensionpdf/2014/Cornell-Dyson-eb1401.pdf;943
15;Mixed Fruits & Vegetables;Grapes (Conventional);19;;Preharvest;;Vine Replacement - Equipment Costs;$37.97 ;;;http://publications.dyson.cornell.edu/outreach/extensionpdf/2014/Cornell-Dyson-eb1401.pdf;944
15;Mixed Fruits & Vegetables;Grapes (Conventional);20;;Preharvest;;Vine Replacement - Equipment Costs;$37.97 ;;;http://publications.dyson.cornell.edu/outreach/extensionpdf/2014/Cornell-Dyson-eb1401.pdf;945
15;Mixed Fruits & Vegetables;Grapes (Conventional);21;;Preharvest;;Vine Replacement - Equipment Costs;$37.97 ;;;http://publications.dyson.cornell.edu/outreach/extensionpdf/2014/Cornell-Dyson-eb1401.pdf;946
15;Mixed Fruits & Vegetables;Grapes (Conventional);22;;Preharvest;;Vine Replacement - Equipment Costs;$37.97 ;;;http://publications.dyson.cornell.edu/outreach/extensionpdf/2014/Cornell-Dyson-eb1401.pdf;947
15;Mixed Fruits & Vegetables;Grapes (Conventional);4;;Preharvest;;Vine Replacement - Material Costs;$56.47 ;;;http://publications.dyson.cornell.edu/outreach/extensionpdf/2014/Cornell-Dyson-eb1401.pdf;948
15;Mixed Fruits & Vegetables;Grapes (Conventional);5;;Preharvest;;Vine Replacement - Material Costs;$56.47 ;;;http://publications.dyson.cornell.edu/outreach/extensionpdf/2014/Cornell-Dyson-eb1401.pdf;949
15;Mixed Fruits & Vegetables;Grapes (Conventional);6;;Preharvest;;Vine Replacement - Material Costs;$56.47 ;;;http://publications.dyson.cornell.edu/outreach/extensionpdf/2014/Cornell-Dyson-eb1401.pdf;950
15;Mixed Fruits & Vegetables;Grapes (Conventional);7;;Preharvest;;Vine Replacement - Material Costs;$56.47 ;;;http://publications.dyson.cornell.edu/outreach/extensionpdf/2014/Cornell-Dyson-eb1401.pdf;951
15;Mixed Fruits & Vegetables;Grapes (Conventional);8;;Preharvest;;Vine Replacement - Material Costs;$56.47 ;;;http://publications.dyson.cornell.edu/outreach/extensionpdf/2014/Cornell-Dyson-eb1401.pdf;952
15;Mixed Fruits & Vegetables;Grapes (Conventional);9;;Preharvest;;Vine Replacement - Material Costs;$56.47 ;;;http://publications.dyson.cornell.edu/outreach/extensionpdf/2014/Cornell-Dyson-eb1401.pdf;953
15;Mixed Fruits & Vegetables;Grapes (Conventional);10;;Preharvest;;Vine Replacement - Material Costs;$56.47 ;;;http://publications.dyson.cornell.edu/outreach/extensionpdf/2014/Cornell-Dyson-eb1401.pdf;954
15;Mixed Fruits & Vegetables;Grapes (Conventional);11;;Preharvest;;Vine Replacement - Material Costs;$56.47 ;;;http://publications.dyson.cornell.edu/outreach/extensionpdf/2014/Cornell-Dyson-eb1401.pdf;955
15;Mixed Fruits & Vegetables;Grapes (Conventional);12;;Preharvest;;Vine Replacement - Material Costs;$56.47 ;;;http://publications.dyson.cornell.edu/outreach/extensionpdf/2014/Cornell-Dyson-eb1401.pdf;956
15;Mixed Fruits & Vegetables;Grapes (Conventional);13;;Preharvest;;Vine Replacement - Material Costs;$56.47 ;;;http://publications.dyson.cornell.edu/outreach/extensionpdf/2014/Cornell-Dyson-eb1401.pdf;957
15;Mixed Fruits & Vegetables;Grapes (Conventional);14;;Preharvest;;Vine Replacement - Material Costs;$56.47 ;;;http://publications.dyson.cornell.edu/outreach/extensionpdf/2014/Cornell-Dyson-eb1401.pdf;958
15;Mixed Fruits & Vegetables;Grapes (Conventional);15;;Preharvest;;Vine Replacement - Material Costs;$56.47 ;;;http://publications.dyson.cornell.edu/outreach/extensionpdf/2014/Cornell-Dyson-eb1401.pdf;959
15;Mixed Fruits & Vegetables;Grapes (Conventional);16;;Preharvest;;Vine Replacement - Material Costs;$56.47 ;;;http://publications.dyson.cornell.edu/outreach/extensionpdf/2014/Cornell-Dyson-eb1401.pdf;960
15;Mixed Fruits & Vegetables;Grapes (Conventional);17;;Preharvest;;Vine Replacement - Material Costs;$56.47 ;;;http://publications.dyson.cornell.edu/outreach/extensionpdf/2014/Cornell-Dyson-eb1401.pdf;961
15;Mixed Fruits & Vegetables;Grapes (Conventional);18;;Preharvest;;Vine Replacement - Material Costs;$56.47 ;;;http://publications.dyson.cornell.edu/outreach/extensionpdf/2014/Cornell-Dyson-eb1401.pdf;962
15;Mixed Fruits & Vegetables;Grapes (Conventional);19;;Preharvest;;Vine Replacement - Material Costs;$56.47 ;;;http://publications.dyson.cornell.edu/outreach/extensionpdf/2014/Cornell-Dyson-eb1401.pdf;963
15;Mixed Fruits & Vegetables;Grapes (Conventional);20;;Preharvest;;Vine Replacement - Material Costs;$56.47 ;;;http://publications.dyson.cornell.edu/outreach/extensionpdf/2014/Cornell-Dyson-eb1401.pdf;964
15;Mixed Fruits & Vegetables;Grapes (Conventional);21;;Preharvest;;Vine Replacement - Material Costs;$56.47 ;;;http://publications.dyson.cornell.edu/outreach/extensionpdf/2014/Cornell-Dyson-eb1401.pdf;965
15;Mixed Fruits & Vegetables;Grapes (Conventional);22;;Preharvest;;Vine Replacement - Material Costs;$56.47 ;;;http://publications.dyson.cornell.edu/outreach/extensionpdf/2014/Cornell-Dyson-eb1401.pdf;966
15;Mixed Fruits & Vegetables;Grapes (Conventional);4;;Preharvest;;Chem. Weed control - trellis - Skilled Labor Costs;$52.00 ;;;http://publications.dyson.cornell.edu/outreach/extensionpdf/2014/Cornell-Dyson-eb1401.pdf;967
15;Mixed Fruits & Vegetables;Grapes (Conventional);5;;Preharvest;;Chem. Weed control - trellis - Skilled Labor Costs;$52.00 ;;;http://publications.dyson.cornell.edu/outreach/extensionpdf/2014/Cornell-Dyson-eb1401.pdf;968
15;Mixed Fruits & Vegetables;Grapes (Conventional);6;;Preharvest;;Chem. Weed control - trellis - Skilled Labor Costs;$52.00 ;;;http://publications.dyson.cornell.edu/outreach/extensionpdf/2014/Cornell-Dyson-eb1401.pdf;969
15;Mixed Fruits & Vegetables;Grapes (Conventional);7;;Preharvest;;Chem. Weed control - trellis - Skilled Labor Costs;$52.00 ;;;http://publications.dyson.cornell.edu/outreach/extensionpdf/2014/Cornell-Dyson-eb1401.pdf;970
15;Mixed Fruits & Vegetables;Grapes (Conventional);8;;Preharvest;;Chem. Weed control - trellis - Skilled Labor Costs;$52.00 ;;;http://publications.dyson.cornell.edu/outreach/extensionpdf/2014/Cornell-Dyson-eb1401.pdf;971
15;Mixed Fruits & Vegetables;Grapes (Conventional);9;;Preharvest;;Chem. Weed control - trellis - Skilled Labor Costs;$52.00 ;;;http://publications.dyson.cornell.edu/outreach/extensionpdf/2014/Cornell-Dyson-eb1401.pdf;972
15;Mixed Fruits & Vegetables;Grapes (Conventional);10;;Preharvest;;Chem. Weed control - trellis - Skilled Labor Costs;$52.00 ;;;http://publications.dyson.cornell.edu/outreach/extensionpdf/2014/Cornell-Dyson-eb1401.pdf;973
15;Mixed Fruits & Vegetables;Grapes (Conventional);11;;Preharvest;;Chem. Weed control - trellis - Skilled Labor Costs;$52.00 ;;;http://publications.dyson.cornell.edu/outreach/extensionpdf/2014/Cornell-Dyson-eb1401.pdf;974
15;Mixed Fruits & Vegetables;Grapes (Conventional);12;;Preharvest;;Chem. Weed control - trellis - Skilled Labor Costs;$52.00 ;;;http://publications.dyson.cornell.edu/outreach/extensionpdf/2014/Cornell-Dyson-eb1401.pdf;975
15;Mixed Fruits & Vegetables;Grapes (Conventional);13;;Preharvest;;Chem. Weed control - trellis - Skilled Labor Costs;$52.00 ;;;http://publications.dyson.cornell.edu/outreach/extensionpdf/2014/Cornell-Dyson-eb1401.pdf;976
15;Mixed Fruits & Vegetables;Grapes (Conventional);14;;Preharvest;;Chem. Weed control - trellis - Skilled Labor Costs;$52.00 ;;;http://publications.dyson.cornell.edu/outreach/extensionpdf/2014/Cornell-Dyson-eb1401.pdf;977
15;Mixed Fruits & Vegetables;Grapes (Conventional);15;;Preharvest;;Chem. Weed control - trellis - Skilled Labor Costs;$52.00 ;;;http://publications.dyson.cornell.edu/outreach/extensionpdf/2014/Cornell-Dyson-eb1401.pdf;978
15;Mixed Fruits & Vegetables;Grapes (Conventional);16;;Preharvest;;Chem. Weed control - trellis - Skilled Labor Costs;$52.00 ;;;http://publications.dyson.cornell.edu/outreach/extensionpdf/2014/Cornell-Dyson-eb1401.pdf;979
15;Mixed Fruits & Vegetables;Grapes (Conventional);17;;Preharvest;;Chem. Weed control - trellis - Skilled Labor Costs;$52.00 ;;;http://publications.dyson.cornell.edu/outreach/extensionpdf/2014/Cornell-Dyson-eb1401.pdf;980
15;Mixed Fruits & Vegetables;Grapes (Conventional);18;;Preharvest;;Chem. Weed control - trellis - Skilled Labor Costs;$52.00 ;;;http://publications.dyson.cornell.edu/outreach/extensionpdf/2014/Cornell-Dyson-eb1401.pdf;981
15;Mixed Fruits & Vegetables;Grapes (Conventional);19;;Preharvest;;Chem. Weed control - trellis - Skilled Labor Costs;$52.00 ;;;http://publications.dyson.cornell.edu/outreach/extensionpdf/2014/Cornell-Dyson-eb1401.pdf;982
15;Mixed Fruits & Vegetables;Grapes (Conventional);20;;Preharvest;;Chem. Weed control - trellis - Skilled Labor Costs;$52.00 ;;;http://publications.dyson.cornell.edu/outreach/extensionpdf/2014/Cornell-Dyson-eb1401.pdf;983
15;Mixed Fruits & Vegetables;Grapes (Conventional);21;;Preharvest;;Chem. Weed control - trellis - Skilled Labor Costs;$52.00 ;;;http://publications.dyson.cornell.edu/outreach/extensionpdf/2014/Cornell-Dyson-eb1401.pdf;984
15;Mixed Fruits & Vegetables;Grapes (Conventional);22;;Preharvest;;Chem. Weed control - trellis - Skilled Labor Costs;$52.00 ;;;http://publications.dyson.cornell.edu/outreach/extensionpdf/2014/Cornell-Dyson-eb1401.pdf;985
15;Mixed Fruits & Vegetables;Grapes (Conventional);4;;Preharvest;;Chem. Weed control - trellis - Equipment Costs;$32.89 ;;;http://publications.dyson.cornell.edu/outreach/extensionpdf/2014/Cornell-Dyson-eb1401.pdf;986
15;Mixed Fruits & Vegetables;Grapes (Conventional);5;;Preharvest;;Chem. Weed control - trellis - Equipment Costs;$32.89 ;;;http://publications.dyson.cornell.edu/outreach/extensionpdf/2014/Cornell-Dyson-eb1401.pdf;987
15;Mixed Fruits & Vegetables;Grapes (Conventional);6;;Preharvest;;Chem. Weed control - trellis - Equipment Costs;$32.89 ;;;http://publications.dyson.cornell.edu/outreach/extensionpdf/2014/Cornell-Dyson-eb1401.pdf;988
15;Mixed Fruits & Vegetables;Grapes (Conventional);7;;Preharvest;;Chem. Weed control - trellis - Equipment Costs;$32.89 ;;;http://publications.dyson.cornell.edu/outreach/extensionpdf/2014/Cornell-Dyson-eb1401.pdf;989
15;Mixed Fruits & Vegetables;Grapes (Conventional);8;;Preharvest;;Chem. Weed control - trellis - Equipment Costs;$32.89 ;;;http://publications.dyson.cornell.edu/outreach/extensionpdf/2014/Cornell-Dyson-eb1401.pdf;990
15;Mixed Fruits & Vegetables;Grapes (Conventional);9;;Preharvest;;Chem. Weed control - trellis - Equipment Costs;$32.89 ;;;http://publications.dyson.cornell.edu/outreach/extensionpdf/2014/Cornell-Dyson-eb1401.pdf;991
15;Mixed Fruits & Vegetables;Grapes (Conventional);10;;Preharvest;;Chem. Weed control - trellis - Equipment Costs;$32.89 ;;;http://publications.dyson.cornell.edu/outreach/extensionpdf/2014/Cornell-Dyson-eb1401.pdf;992
15;Mixed Fruits & Vegetables;Grapes (Conventional);11;;Preharvest;;Chem. Weed control - trellis - Equipment Costs;$32.89 ;;;http://publications.dyson.cornell.edu/outreach/extensionpdf/2014/Cornell-Dyson-eb1401.pdf;993
15;Mixed Fruits & Vegetables;Grapes (Conventional);12;;Preharvest;;Chem. Weed control - trellis - Equipment Costs;$32.89 ;;;http://publications.dyson.cornell.edu/outreach/extensionpdf/2014/Cornell-Dyson-eb1401.pdf;994
15;Mixed Fruits & Vegetables;Grapes (Conventional);13;;Preharvest;;Chem. Weed control - trellis - Equipment Costs;$32.89 ;;;http://publications.dyson.cornell.edu/outreach/extensionpdf/2014/Cornell-Dyson-eb1401.pdf;995
15;Mixed Fruits & Vegetables;Grapes (Conventional);14;;Preharvest;;Chem. Weed control - trellis - Equipment Costs;$32.89 ;;;http://publications.dyson.cornell.edu/outreach/extensionpdf/2014/Cornell-Dyson-eb1401.pdf;996
15;Mixed Fruits & Vegetables;Grapes (Conventional);15;;Preharvest;;Chem. Weed control - trellis - Equipment Costs;$32.89 ;;;http://publications.dyson.cornell.edu/outreach/extensionpdf/2014/Cornell-Dyson-eb1401.pdf;997
15;Mixed Fruits & Vegetables;Grapes (Conventional);16;;Preharvest;;Chem. Weed control - trellis - Equipment Costs;$32.89 ;;;http://publications.dyson.cornell.edu/outreach/extensionpdf/2014/Cornell-Dyson-eb1401.pdf;998
15;Mixed Fruits & Vegetables;Grapes (Conventional);17;;Preharvest;;Chem. Weed control - trellis - Equipment Costs;$32.89 ;;;http://publications.dyson.cornell.edu/outreach/extensionpdf/2014/Cornell-Dyson-eb1401.pdf;999
15;Mixed Fruits & Vegetables;Grapes (Conventional);18;;Preharvest;;Chem. Weed control - trellis - Equipment Costs;$32.89 ;;;http://publications.dyson.cornell.edu/outreach/extensionpdf/2014/Cornell-Dyson-eb1401.pdf;1000
15;Mixed Fruits & Vegetables;Grapes (Conventional);19;;Preharvest;;Chem. Weed control - trellis - Equipment Costs;$32.89 ;;;http://publications.dyson.cornell.edu/outreach/extensionpdf/2014/Cornell-Dyson-eb1401.pdf;1001
15;Mixed Fruits & Vegetables;Grapes (Conventional);20;;Preharvest;;Chem. Weed control - trellis - Equipment Costs;$32.89 ;;;http://publications.dyson.cornell.edu/outreach/extensionpdf/2014/Cornell-Dyson-eb1401.pdf;1002
15;Mixed Fruits & Vegetables;Grapes (Conventional);21;;Preharvest;;Chem. Weed control - trellis - Equipment Costs;$32.89 ;;;http://publications.dyson.cornell.edu/outreach/extensionpdf/2014/Cornell-Dyson-eb1401.pdf;1003
15;Mixed Fruits & Vegetables;Grapes (Conventional);22;;Preharvest;;Chem. Weed control - trellis - Equipment Costs;$32.89 ;;;http://publications.dyson.cornell.edu/outreach/extensionpdf/2014/Cornell-Dyson-eb1401.pdf;1004
15;Mixed Fruits & Vegetables;Grapes (Conventional);4;;Preharvest;;Chem. Weed control - trellis - Material Costs;$9.19 ;;;http://publications.dyson.cornell.edu/outreach/extensionpdf/2014/Cornell-Dyson-eb1401.pdf;1005
15;Mixed Fruits & Vegetables;Grapes (Conventional);5;;Preharvest;;Chem. Weed control - trellis - Material Costs;$9.19 ;;;http://publications.dyson.cornell.edu/outreach/extensionpdf/2014/Cornell-Dyson-eb1401.pdf;1006
15;Mixed Fruits & Vegetables;Grapes (Conventional);6;;Preharvest;;Chem. Weed control - trellis - Material Costs;$9.19 ;;;http://publications.dyson.cornell.edu/outreach/extensionpdf/2014/Cornell-Dyson-eb1401.pdf;1007
15;Mixed Fruits & Vegetables;Grapes (Conventional);7;;Preharvest;;Chem. Weed control - trellis - Material Costs;$9.19 ;;;http://publications.dyson.cornell.edu/outreach/extensionpdf/2014/Cornell-Dyson-eb1401.pdf;1008
15;Mixed Fruits & Vegetables;Grapes (Conventional);8;;Preharvest;;Chem. Weed control - trellis - Material Costs;$9.19 ;;;http://publications.dyson.cornell.edu/outreach/extensionpdf/2014/Cornell-Dyson-eb1401.pdf;1009
15;Mixed Fruits & Vegetables;Grapes (Conventional);9;;Preharvest;;Chem. Weed control - trellis - Material Costs;$9.19 ;;;http://publications.dyson.cornell.edu/outreach/extensionpdf/2014/Cornell-Dyson-eb1401.pdf;1010
15;Mixed Fruits & Vegetables;Grapes (Conventional);10;;Preharvest;;Chem. Weed control - trellis - Material Costs;$9.19 ;;;http://publications.dyson.cornell.edu/outreach/extensionpdf/2014/Cornell-Dyson-eb1401.pdf;1011
15;Mixed Fruits & Vegetables;Grapes (Conventional);11;;Preharvest;;Chem. Weed control - trellis - Material Costs;$9.19 ;;;http://publications.dyson.cornell.edu/outreach/extensionpdf/2014/Cornell-Dyson-eb1401.pdf;1012
15;Mixed Fruits & Vegetables;Grapes (Conventional);12;;Preharvest;;Chem. Weed control - trellis - Material Costs;$9.19 ;;;http://publications.dyson.cornell.edu/outreach/extensionpdf/2014/Cornell-Dyson-eb1401.pdf;1013
15;Mixed Fruits & Vegetables;Grapes (Conventional);13;;Preharvest;;Chem. Weed control - trellis - Material Costs;$9.19 ;;;http://publications.dyson.cornell.edu/outreach/extensionpdf/2014/Cornell-Dyson-eb1401.pdf;1014
15;Mixed Fruits & Vegetables;Grapes (Conventional);14;;Preharvest;;Chem. Weed control - trellis - Material Costs;$9.19 ;;;http://publications.dyson.cornell.edu/outreach/extensionpdf/2014/Cornell-Dyson-eb1401.pdf;1015
15;Mixed Fruits & Vegetables;Grapes (Conventional);15;;Preharvest;;Chem. Weed control - trellis - Material Costs;$9.19 ;;;http://publications.dyson.cornell.edu/outreach/extensionpdf/2014/Cornell-Dyson-eb1401.pdf;1016
15;Mixed Fruits & Vegetables;Grapes (Conventional);16;;Preharvest;;Chem. Weed control - trellis - Material Costs;$9.19 ;;;http://publications.dyson.cornell.edu/outreach/extensionpdf/2014/Cornell-Dyson-eb1401.pdf;1017
15;Mixed Fruits & Vegetables;Grapes (Conventional);17;;Preharvest;;Chem. Weed control - trellis - Material Costs;$9.19 ;;;http://publications.dyson.cornell.edu/outreach/extensionpdf/2014/Cornell-Dyson-eb1401.pdf;1018
15;Mixed Fruits & Vegetables;Grapes (Conventional);18;;Preharvest;;Chem. Weed control - trellis - Material Costs;$9.19 ;;;http://publications.dyson.cornell.edu/outreach/extensionpdf/2014/Cornell-Dyson-eb1401.pdf;1019
15;Mixed Fruits & Vegetables;Grapes (Conventional);19;;Preharvest;;Chem. Weed control - trellis - Material Costs;$9.19 ;;;http://publications.dyson.cornell.edu/outreach/extensionpdf/2014/Cornell-Dyson-eb1401.pdf;1020
15;Mixed Fruits & Vegetables;Grapes (Conventional);20;;Preharvest;;Chem. Weed control - trellis - Material Costs;$9.19 ;;;http://publications.dyson.cornell.edu/outreach/extensionpdf/2014/Cornell-Dyson-eb1401.pdf;1021
15;Mixed Fruits & Vegetables;Grapes (Conventional);21;;Preharvest;;Chem. Weed control - trellis - Material Costs;$9.19 ;;;http://publications.dyson.cornell.edu/outreach/extensionpdf/2014/Cornell-Dyson-eb1401.pdf;1022
15;Mixed Fruits & Vegetables;Grapes (Conventional);22;;Preharvest;;Chem. Weed control - trellis - Material Costs;$9.19 ;;;http://publications.dyson.cornell.edu/outreach/extensionpdf/2014/Cornell-Dyson-eb1401.pdf;1023
15;Mixed Fruits & Vegetables;Grapes (Conventional);4;;Preharvest;;Soil applic of Solubor (w/ herb. Spray) - Material Costs;$4.23 ;;;http://publications.dyson.cornell.edu/outreach/extensionpdf/2014/Cornell-Dyson-eb1401.pdf;1024
15;Mixed Fruits & Vegetables;Grapes (Conventional);5;;Preharvest;;Soil applic of Solubor (w/ herb. Spray) - Material Costs;$4.23 ;;;http://publications.dyson.cornell.edu/outreach/extensionpdf/2014/Cornell-Dyson-eb1401.pdf;1025
15;Mixed Fruits & Vegetables;Grapes (Conventional);6;;Preharvest;;Soil applic of Solubor (w/ herb. Spray) - Material Costs;$4.23 ;;;http://publications.dyson.cornell.edu/outreach/extensionpdf/2014/Cornell-Dyson-eb1401.pdf;1026
15;Mixed Fruits & Vegetables;Grapes (Conventional);7;;Preharvest;;Soil applic of Solubor (w/ herb. Spray) - Material Costs;$4.23 ;;;http://publications.dyson.cornell.edu/outreach/extensionpdf/2014/Cornell-Dyson-eb1401.pdf;1027
15;Mixed Fruits & Vegetables;Grapes (Conventional);8;;Preharvest;;Soil applic of Solubor (w/ herb. Spray) - Material Costs;$4.23 ;;;http://publications.dyson.cornell.edu/outreach/extensionpdf/2014/Cornell-Dyson-eb1401.pdf;1028
15;Mixed Fruits & Vegetables;Grapes (Conventional);9;;Preharvest;;Soil applic of Solubor (w/ herb. Spray) - Material Costs;$4.23 ;;;http://publications.dyson.cornell.edu/outreach/extensionpdf/2014/Cornell-Dyson-eb1401.pdf;1029
15;Mixed Fruits & Vegetables;Grapes (Conventional);10;;Preharvest;;Soil applic of Solubor (w/ herb. Spray) - Material Costs;$4.23 ;;;http://publications.dyson.cornell.edu/outreach/extensionpdf/2014/Cornell-Dyson-eb1401.pdf;1030
15;Mixed Fruits & Vegetables;Grapes (Conventional);11;;Preharvest;;Soil applic of Solubor (w/ herb. Spray) - Material Costs;$4.23 ;;;http://publications.dyson.cornell.edu/outreach/extensionpdf/2014/Cornell-Dyson-eb1401.pdf;1031
15;Mixed Fruits & Vegetables;Grapes (Conventional);12;;Preharvest;;Soil applic of Solubor (w/ herb. Spray) - Material Costs;$4.23 ;;;http://publications.dyson.cornell.edu/outreach/extensionpdf/2014/Cornell-Dyson-eb1401.pdf;1032
15;Mixed Fruits & Vegetables;Grapes (Conventional);13;;Preharvest;;Soil applic of Solubor (w/ herb. Spray) - Material Costs;$4.23 ;;;http://publications.dyson.cornell.edu/outreach/extensionpdf/2014/Cornell-Dyson-eb1401.pdf;1033
15;Mixed Fruits & Vegetables;Grapes (Conventional);14;;Preharvest;;Soil applic of Solubor (w/ herb. Spray) - Material Costs;$4.23 ;;;http://publications.dyson.cornell.edu/outreach/extensionpdf/2014/Cornell-Dyson-eb1401.pdf;1034
15;Mixed Fruits & Vegetables;Grapes (Conventional);15;;Preharvest;;Soil applic of Solubor (w/ herb. Spray) - Material Costs;$4.23 ;;;http://publications.dyson.cornell.edu/outreach/extensionpdf/2014/Cornell-Dyson-eb1401.pdf;1035
15;Mixed Fruits & Vegetables;Grapes (Conventional);16;;Preharvest;;Soil applic of Solubor (w/ herb. Spray) - Material Costs;$4.23 ;;;http://publications.dyson.cornell.edu/outreach/extensionpdf/2014/Cornell-Dyson-eb1401.pdf;1036
15;Mixed Fruits & Vegetables;Grapes (Conventional);17;;Preharvest;;Soil applic of Solubor (w/ herb. Spray) - Material Costs;$4.23 ;;;http://publications.dyson.cornell.edu/outreach/extensionpdf/2014/Cornell-Dyson-eb1401.pdf;1037
15;Mixed Fruits & Vegetables;Grapes (Conventional);18;;Preharvest;;Soil applic of Solubor (w/ herb. Spray) - Material Costs;$4.23 ;;;http://publications.dyson.cornell.edu/outreach/extensionpdf/2014/Cornell-Dyson-eb1401.pdf;1038
15;Mixed Fruits & Vegetables;Grapes (Conventional);19;;Preharvest;;Soil applic of Solubor (w/ herb. Spray) - Material Costs;$4.23 ;;;http://publications.dyson.cornell.edu/outreach/extensionpdf/2014/Cornell-Dyson-eb1401.pdf;1039
15;Mixed Fruits & Vegetables;Grapes (Conventional);20;;Preharvest;;Soil applic of Solubor (w/ herb. Spray) - Material Costs;$4.23 ;;;http://publications.dyson.cornell.edu/outreach/extensionpdf/2014/Cornell-Dyson-eb1401.pdf;1040
15;Mixed Fruits & Vegetables;Grapes (Conventional);21;;Preharvest;;Soil applic of Solubor (w/ herb. Spray) - Material Costs;$4.23 ;;;http://publications.dyson.cornell.edu/outreach/extensionpdf/2014/Cornell-Dyson-eb1401.pdf;1041
15;Mixed Fruits & Vegetables;Grapes (Conventional);22;;Preharvest;;Soil applic of Solubor (w/ herb. Spray) - Material Costs;$4.23 ;;;http://publications.dyson.cornell.edu/outreach/extensionpdf/2014/Cornell-Dyson-eb1401.pdf;1042
15;Mixed Fruits & Vegetables;Grapes (Conventional);4;;Preharvest;;Spot herbicide - hand application - Skilled Labor Costs;$8.00 ;;;http://publications.dyson.cornell.edu/outreach/extensionpdf/2014/Cornell-Dyson-eb1401.pdf;1043
15;Mixed Fruits & Vegetables;Grapes (Conventional);5;;Preharvest;;Spot herbicide - hand application - Skilled Labor Costs;$8.00 ;;;http://publications.dyson.cornell.edu/outreach/extensionpdf/2014/Cornell-Dyson-eb1401.pdf;1044
15;Mixed Fruits & Vegetables;Grapes (Conventional);6;;Preharvest;;Spot herbicide - hand application - Skilled Labor Costs;$8.00 ;;;http://publications.dyson.cornell.edu/outreach/extensionpdf/2014/Cornell-Dyson-eb1401.pdf;1045
15;Mixed Fruits & Vegetables;Grapes (Conventional);7;;Preharvest;;Spot herbicide - hand application - Skilled Labor Costs;$8.00 ;;;http://publications.dyson.cornell.edu/outreach/extensionpdf/2014/Cornell-Dyson-eb1401.pdf;1046
15;Mixed Fruits & Vegetables;Grapes (Conventional);8;;Preharvest;;Spot herbicide - hand application - Skilled Labor Costs;$8.00 ;;;http://publications.dyson.cornell.edu/outreach/extensionpdf/2014/Cornell-Dyson-eb1401.pdf;1047
15;Mixed Fruits & Vegetables;Grapes (Conventional);9;;Preharvest;;Spot herbicide - hand application - Skilled Labor Costs;$8.00 ;;;http://publications.dyson.cornell.edu/outreach/extensionpdf/2014/Cornell-Dyson-eb1401.pdf;1048
15;Mixed Fruits & Vegetables;Grapes (Conventional);10;;Preharvest;;Spot herbicide - hand application - Skilled Labor Costs;$8.00 ;;;http://publications.dyson.cornell.edu/outreach/extensionpdf/2014/Cornell-Dyson-eb1401.pdf;1049
15;Mixed Fruits & Vegetables;Grapes (Conventional);11;;Preharvest;;Spot herbicide - hand application - Skilled Labor Costs;$8.00 ;;;http://publications.dyson.cornell.edu/outreach/extensionpdf/2014/Cornell-Dyson-eb1401.pdf;1050
15;Mixed Fruits & Vegetables;Grapes (Conventional);12;;Preharvest;;Spot herbicide - hand application - Skilled Labor Costs;$8.00 ;;;http://publications.dyson.cornell.edu/outreach/extensionpdf/2014/Cornell-Dyson-eb1401.pdf;1051
15;Mixed Fruits & Vegetables;Grapes (Conventional);13;;Preharvest;;Spot herbicide - hand application - Skilled Labor Costs;$8.00 ;;;http://publications.dyson.cornell.edu/outreach/extensionpdf/2014/Cornell-Dyson-eb1401.pdf;1052
15;Mixed Fruits & Vegetables;Grapes (Conventional);14;;Preharvest;;Spot herbicide - hand application - Skilled Labor Costs;$8.00 ;;;http://publications.dyson.cornell.edu/outreach/extensionpdf/2014/Cornell-Dyson-eb1401.pdf;1053
15;Mixed Fruits & Vegetables;Grapes (Conventional);15;;Preharvest;;Spot herbicide - hand application - Skilled Labor Costs;$8.00 ;;;http://publications.dyson.cornell.edu/outreach/extensionpdf/2014/Cornell-Dyson-eb1401.pdf;1054
15;Mixed Fruits & Vegetables;Grapes (Conventional);16;;Preharvest;;Spot herbicide - hand application - Skilled Labor Costs;$8.00 ;;;http://publications.dyson.cornell.edu/outreach/extensionpdf/2014/Cornell-Dyson-eb1401.pdf;1055
15;Mixed Fruits & Vegetables;Grapes (Conventional);17;;Preharvest;;Spot herbicide - hand application - Skilled Labor Costs;$8.00 ;;;http://publications.dyson.cornell.edu/outreach/extensionpdf/2014/Cornell-Dyson-eb1401.pdf;1056
15;Mixed Fruits & Vegetables;Grapes (Conventional);18;;Preharvest;;Spot herbicide - hand application - Skilled Labor Costs;$8.00 ;;;http://publications.dyson.cornell.edu/outreach/extensionpdf/2014/Cornell-Dyson-eb1401.pdf;1057
15;Mixed Fruits & Vegetables;Grapes (Conventional);19;;Preharvest;;Spot herbicide - hand application - Skilled Labor Costs;$8.00 ;;;http://publications.dyson.cornell.edu/outreach/extensionpdf/2014/Cornell-Dyson-eb1401.pdf;1058
15;Mixed Fruits & Vegetables;Grapes (Conventional);20;;Preharvest;;Spot herbicide - hand application - Skilled Labor Costs;$8.00 ;;;http://publications.dyson.cornell.edu/outreach/extensionpdf/2014/Cornell-Dyson-eb1401.pdf;1059
15;Mixed Fruits & Vegetables;Grapes (Conventional);21;;Preharvest;;Spot herbicide - hand application - Skilled Labor Costs;$8.00 ;;;http://publications.dyson.cornell.edu/outreach/extensionpdf/2014/Cornell-Dyson-eb1401.pdf;1060
15;Mixed Fruits & Vegetables;Grapes (Conventional);22;;Preharvest;;Spot herbicide - hand application - Skilled Labor Costs;$8.00 ;;;http://publications.dyson.cornell.edu/outreach/extensionpdf/2014/Cornell-Dyson-eb1401.pdf;1061
15;Mixed Fruits & Vegetables;Grapes (Conventional);4;;Preharvest;;Spot herbicide - hand application - Equipment Cost;$4.93 ;;;http://publications.dyson.cornell.edu/outreach/extensionpdf/2014/Cornell-Dyson-eb1401.pdf;1062
15;Mixed Fruits & Vegetables;Grapes (Conventional);5;;Preharvest;;Spot herbicide - hand application - Equipment Cost;$4.93 ;;;http://publications.dyson.cornell.edu/outreach/extensionpdf/2014/Cornell-Dyson-eb1401.pdf;1063
15;Mixed Fruits & Vegetables;Grapes (Conventional);6;;Preharvest;;Spot herbicide - hand application - Equipment Cost;$4.93 ;;;http://publications.dyson.cornell.edu/outreach/extensionpdf/2014/Cornell-Dyson-eb1401.pdf;1064
15;Mixed Fruits & Vegetables;Grapes (Conventional);7;;Preharvest;;Spot herbicide - hand application - Equipment Cost;$4.93 ;;;http://publications.dyson.cornell.edu/outreach/extensionpdf/2014/Cornell-Dyson-eb1401.pdf;1065
15;Mixed Fruits & Vegetables;Grapes (Conventional);8;;Preharvest;;Spot herbicide - hand application - Equipment Cost;$4.93 ;;;http://publications.dyson.cornell.edu/outreach/extensionpdf/2014/Cornell-Dyson-eb1401.pdf;1066
15;Mixed Fruits & Vegetables;Grapes (Conventional);9;;Preharvest;;Spot herbicide - hand application - Equipment Cost;$4.93 ;;;http://publications.dyson.cornell.edu/outreach/extensionpdf/2014/Cornell-Dyson-eb1401.pdf;1067
15;Mixed Fruits & Vegetables;Grapes (Conventional);10;;Preharvest;;Spot herbicide - hand application - Equipment Cost;$4.93 ;;;http://publications.dyson.cornell.edu/outreach/extensionpdf/2014/Cornell-Dyson-eb1401.pdf;1068
15;Mixed Fruits & Vegetables;Grapes (Conventional);11;;Preharvest;;Spot herbicide - hand application - Equipment Cost;$4.93 ;;;http://publications.dyson.cornell.edu/outreach/extensionpdf/2014/Cornell-Dyson-eb1401.pdf;1069
15;Mixed Fruits & Vegetables;Grapes (Conventional);12;;Preharvest;;Spot herbicide - hand application - Equipment Cost;$4.93 ;;;http://publications.dyson.cornell.edu/outreach/extensionpdf/2014/Cornell-Dyson-eb1401.pdf;1070
15;Mixed Fruits & Vegetables;Grapes (Conventional);13;;Preharvest;;Spot herbicide - hand application - Equipment Cost;$4.93 ;;;http://publications.dyson.cornell.edu/outreach/extensionpdf/2014/Cornell-Dyson-eb1401.pdf;1071
15;Mixed Fruits & Vegetables;Grapes (Conventional);14;;Preharvest;;Spot herbicide - hand application - Equipment Cost;$4.93 ;;;http://publications.dyson.cornell.edu/outreach/extensionpdf/2014/Cornell-Dyson-eb1401.pdf;1072
15;Mixed Fruits & Vegetables;Grapes (Conventional);15;;Preharvest;;Spot herbicide - hand application - Equipment Cost;$4.93 ;;;http://publications.dyson.cornell.edu/outreach/extensionpdf/2014/Cornell-Dyson-eb1401.pdf;1073
15;Mixed Fruits & Vegetables;Grapes (Conventional);16;;Preharvest;;Spot herbicide - hand application - Equipment Cost;$4.93 ;;;http://publications.dyson.cornell.edu/outreach/extensionpdf/2014/Cornell-Dyson-eb1401.pdf;1074
15;Mixed Fruits & Vegetables;Grapes (Conventional);17;;Preharvest;;Spot herbicide - hand application - Equipment Cost;$4.93 ;;;http://publications.dyson.cornell.edu/outreach/extensionpdf/2014/Cornell-Dyson-eb1401.pdf;1075
15;Mixed Fruits & Vegetables;Grapes (Conventional);18;;Preharvest;;Spot herbicide - hand application - Equipment Cost;$4.93 ;;;http://publications.dyson.cornell.edu/outreach/extensionpdf/2014/Cornell-Dyson-eb1401.pdf;1076
15;Mixed Fruits & Vegetables;Grapes (Conventional);19;;Preharvest;;Spot herbicide - hand application - Equipment Cost;$4.93 ;;;http://publications.dyson.cornell.edu/outreach/extensionpdf/2014/Cornell-Dyson-eb1401.pdf;1077
15;Mixed Fruits & Vegetables;Grapes (Conventional);20;;Preharvest;;Spot herbicide - hand application - Equipment Cost;$4.93 ;;;http://publications.dyson.cornell.edu/outreach/extensionpdf/2014/Cornell-Dyson-eb1401.pdf;1078
15;Mixed Fruits & Vegetables;Grapes (Conventional);21;;Preharvest;;Spot herbicide - hand application - Equipment Cost;$4.93 ;;;http://publications.dyson.cornell.edu/outreach/extensionpdf/2014/Cornell-Dyson-eb1401.pdf;1079
15;Mixed Fruits & Vegetables;Grapes (Conventional);22;;Preharvest;;Spot herbicide - hand application - Equipment Cost;$4.93 ;;;http://publications.dyson.cornell.edu/outreach/extensionpdf/2014/Cornell-Dyson-eb1401.pdf;1080
15;Mixed Fruits & Vegetables;Grapes (Conventional);4;;Preharvest;;Spot herbicide - hand application - Material Costs;$21.38 ;;;http://publications.dyson.cornell.edu/outreach/extensionpdf/2014/Cornell-Dyson-eb1401.pdf;1081
15;Mixed Fruits & Vegetables;Grapes (Conventional);5;;Preharvest;;Spot herbicide - hand application - Material Costs;$21.38 ;;;http://publications.dyson.cornell.edu/outreach/extensionpdf/2014/Cornell-Dyson-eb1401.pdf;1082
15;Mixed Fruits & Vegetables;Grapes (Conventional);6;;Preharvest;;Spot herbicide - hand application - Material Costs;$21.38 ;;;http://publications.dyson.cornell.edu/outreach/extensionpdf/2014/Cornell-Dyson-eb1401.pdf;1083
15;Mixed Fruits & Vegetables;Grapes (Conventional);7;;Preharvest;;Spot herbicide - hand application - Material Costs;$21.38 ;;;http://publications.dyson.cornell.edu/outreach/extensionpdf/2014/Cornell-Dyson-eb1401.pdf;1084
15;Mixed Fruits & Vegetables;Grapes (Conventional);8;;Preharvest;;Spot herbicide - hand application - Material Costs;$21.38 ;;;http://publications.dyson.cornell.edu/outreach/extensionpdf/2014/Cornell-Dyson-eb1401.pdf;1085
15;Mixed Fruits & Vegetables;Grapes (Conventional);9;;Preharvest;;Spot herbicide - hand application - Material Costs;$21.38 ;;;http://publications.dyson.cornell.edu/outreach/extensionpdf/2014/Cornell-Dyson-eb1401.pdf;1086
15;Mixed Fruits & Vegetables;Grapes (Conventional);10;;Preharvest;;Spot herbicide - hand application - Material Costs;$21.38 ;;;http://publications.dyson.cornell.edu/outreach/extensionpdf/2014/Cornell-Dyson-eb1401.pdf;1087
15;Mixed Fruits & Vegetables;Grapes (Conventional);11;;Preharvest;;Spot herbicide - hand application - Material Costs;$21.38 ;;;http://publications.dyson.cornell.edu/outreach/extensionpdf/2014/Cornell-Dyson-eb1401.pdf;1088
15;Mixed Fruits & Vegetables;Grapes (Conventional);12;;Preharvest;;Spot herbicide - hand application - Material Costs;$21.38 ;;;http://publications.dyson.cornell.edu/outreach/extensionpdf/2014/Cornell-Dyson-eb1401.pdf;1089
15;Mixed Fruits & Vegetables;Grapes (Conventional);13;;Preharvest;;Spot herbicide - hand application - Material Costs;$21.38 ;;;http://publications.dyson.cornell.edu/outreach/extensionpdf/2014/Cornell-Dyson-eb1401.pdf;1090
15;Mixed Fruits & Vegetables;Grapes (Conventional);14;;Preharvest;;Spot herbicide - hand application - Material Costs;$21.38 ;;;http://publications.dyson.cornell.edu/outreach/extensionpdf/2014/Cornell-Dyson-eb1401.pdf;1091
15;Mixed Fruits & Vegetables;Grapes (Conventional);15;;Preharvest;;Spot herbicide - hand application - Material Costs;$21.38 ;;;http://publications.dyson.cornell.edu/outreach/extensionpdf/2014/Cornell-Dyson-eb1401.pdf;1092
15;Mixed Fruits & Vegetables;Grapes (Conventional);16;;Preharvest;;Spot herbicide - hand application - Material Costs;$21.38 ;;;http://publications.dyson.cornell.edu/outreach/extensionpdf/2014/Cornell-Dyson-eb1401.pdf;1093
15;Mixed Fruits & Vegetables;Grapes (Conventional);17;;Preharvest;;Spot herbicide - hand application - Material Costs;$21.38 ;;;http://publications.dyson.cornell.edu/outreach/extensionpdf/2014/Cornell-Dyson-eb1401.pdf;1094
15;Mixed Fruits & Vegetables;Grapes (Conventional);18;;Preharvest;;Spot herbicide - hand application - Material Costs;$21.38 ;;;http://publications.dyson.cornell.edu/outreach/extensionpdf/2014/Cornell-Dyson-eb1401.pdf;1095
15;Mixed Fruits & Vegetables;Grapes (Conventional);19;;Preharvest;;Spot herbicide - hand application - Material Costs;$21.38 ;;;http://publications.dyson.cornell.edu/outreach/extensionpdf/2014/Cornell-Dyson-eb1401.pdf;1096
15;Mixed Fruits & Vegetables;Grapes (Conventional);20;;Preharvest;;Spot herbicide - hand application - Material Costs;$21.38 ;;;http://publications.dyson.cornell.edu/outreach/extensionpdf/2014/Cornell-Dyson-eb1401.pdf;1097
15;Mixed Fruits & Vegetables;Grapes (Conventional);21;;Preharvest;;Spot herbicide - hand application - Material Costs;$21.38 ;;;http://publications.dyson.cornell.edu/outreach/extensionpdf/2014/Cornell-Dyson-eb1401.pdf;1098
15;Mixed Fruits & Vegetables;Grapes (Conventional);22;;Preharvest;;Spot herbicide - hand application - Material Costs;$21.38 ;;;http://publications.dyson.cornell.edu/outreach/extensionpdf/2014/Cornell-Dyson-eb1401.pdf;1099
15;Mixed Fruits & Vegetables;Grapes (Conventional);4;;Preharvest;;Suckering - Unskilled Labor Costs;$54.00 ;;;http://publications.dyson.cornell.edu/outreach/extensionpdf/2014/Cornell-Dyson-eb1401.pdf;1100
15;Mixed Fruits & Vegetables;Grapes (Conventional);5;;Preharvest;;Suckering - Unskilled Labor Costs;$54.00 ;;;http://publications.dyson.cornell.edu/outreach/extensionpdf/2014/Cornell-Dyson-eb1401.pdf;1101
15;Mixed Fruits & Vegetables;Grapes (Conventional);6;;Preharvest;;Suckering - Unskilled Labor Costs;$54.00 ;;;http://publications.dyson.cornell.edu/outreach/extensionpdf/2014/Cornell-Dyson-eb1401.pdf;1102
15;Mixed Fruits & Vegetables;Grapes (Conventional);7;;Preharvest;;Suckering - Unskilled Labor Costs;$54.00 ;;;http://publications.dyson.cornell.edu/outreach/extensionpdf/2014/Cornell-Dyson-eb1401.pdf;1103
15;Mixed Fruits & Vegetables;Grapes (Conventional);8;;Preharvest;;Suckering - Unskilled Labor Costs;$54.00 ;;;http://publications.dyson.cornell.edu/outreach/extensionpdf/2014/Cornell-Dyson-eb1401.pdf;1104
15;Mixed Fruits & Vegetables;Grapes (Conventional);9;;Preharvest;;Suckering - Unskilled Labor Costs;$54.00 ;;;http://publications.dyson.cornell.edu/outreach/extensionpdf/2014/Cornell-Dyson-eb1401.pdf;1105
15;Mixed Fruits & Vegetables;Grapes (Conventional);10;;Preharvest;;Suckering - Unskilled Labor Costs;$54.00 ;;;http://publications.dyson.cornell.edu/outreach/extensionpdf/2014/Cornell-Dyson-eb1401.pdf;1106
15;Mixed Fruits & Vegetables;Grapes (Conventional);11;;Preharvest;;Suckering - Unskilled Labor Costs;$54.00 ;;;http://publications.dyson.cornell.edu/outreach/extensionpdf/2014/Cornell-Dyson-eb1401.pdf;1107
15;Mixed Fruits & Vegetables;Grapes (Conventional);12;;Preharvest;;Suckering - Unskilled Labor Costs;$54.00 ;;;http://publications.dyson.cornell.edu/outreach/extensionpdf/2014/Cornell-Dyson-eb1401.pdf;1108
15;Mixed Fruits & Vegetables;Grapes (Conventional);13;;Preharvest;;Suckering - Unskilled Labor Costs;$54.00 ;;;http://publications.dyson.cornell.edu/outreach/extensionpdf/2014/Cornell-Dyson-eb1401.pdf;1109
15;Mixed Fruits & Vegetables;Grapes (Conventional);14;;Preharvest;;Suckering - Unskilled Labor Costs;$54.00 ;;;http://publications.dyson.cornell.edu/outreach/extensionpdf/2014/Cornell-Dyson-eb1401.pdf;1110
15;Mixed Fruits & Vegetables;Grapes (Conventional);15;;Preharvest;;Suckering - Unskilled Labor Costs;$54.00 ;;;http://publications.dyson.cornell.edu/outreach/extensionpdf/2014/Cornell-Dyson-eb1401.pdf;1111
15;Mixed Fruits & Vegetables;Grapes (Conventional);16;;Preharvest;;Suckering - Unskilled Labor Costs;$54.00 ;;;http://publications.dyson.cornell.edu/outreach/extensionpdf/2014/Cornell-Dyson-eb1401.pdf;1112
15;Mixed Fruits & Vegetables;Grapes (Conventional);17;;Preharvest;;Suckering - Unskilled Labor Costs;$54.00 ;;;http://publications.dyson.cornell.edu/outreach/extensionpdf/2014/Cornell-Dyson-eb1401.pdf;1113
15;Mixed Fruits & Vegetables;Grapes (Conventional);18;;Preharvest;;Suckering - Unskilled Labor Costs;$54.00 ;;;http://publications.dyson.cornell.edu/outreach/extensionpdf/2014/Cornell-Dyson-eb1401.pdf;1114
15;Mixed Fruits & Vegetables;Grapes (Conventional);19;;Preharvest;;Suckering - Unskilled Labor Costs;$54.00 ;;;http://publications.dyson.cornell.edu/outreach/extensionpdf/2014/Cornell-Dyson-eb1401.pdf;1115
15;Mixed Fruits & Vegetables;Grapes (Conventional);20;;Preharvest;;Suckering - Unskilled Labor Costs;$54.00 ;;;http://publications.dyson.cornell.edu/outreach/extensionpdf/2014/Cornell-Dyson-eb1401.pdf;1116
15;Mixed Fruits & Vegetables;Grapes (Conventional);21;;Preharvest;;Suckering - Unskilled Labor Costs;$54.00 ;;;http://publications.dyson.cornell.edu/outreach/extensionpdf/2014/Cornell-Dyson-eb1401.pdf;1117
15;Mixed Fruits & Vegetables;Grapes (Conventional);22;;Preharvest;;Suckering - Unskilled Labor Costs;$54.00 ;;;http://publications.dyson.cornell.edu/outreach/extensionpdf/2014/Cornell-Dyson-eb1401.pdf;1118
15;Mixed Fruits & Vegetables;Grapes (Conventional);4;;Preharvest;;Cluster removal - Unskilled Labor Costs;$54.00 ;;;http://publications.dyson.cornell.edu/outreach/extensionpdf/2014/Cornell-Dyson-eb1401.pdf;1119
15;Mixed Fruits & Vegetables;Grapes (Conventional);5;;Preharvest;;Cluster removal - Unskilled Labor Costs;$54.00 ;;;http://publications.dyson.cornell.edu/outreach/extensionpdf/2014/Cornell-Dyson-eb1401.pdf;1120
15;Mixed Fruits & Vegetables;Grapes (Conventional);6;;Preharvest;;Cluster removal - Unskilled Labor Costs;$54.00 ;;;http://publications.dyson.cornell.edu/outreach/extensionpdf/2014/Cornell-Dyson-eb1401.pdf;1121
15;Mixed Fruits & Vegetables;Grapes (Conventional);7;;Preharvest;;Cluster removal - Unskilled Labor Costs;$54.00 ;;;http://publications.dyson.cornell.edu/outreach/extensionpdf/2014/Cornell-Dyson-eb1401.pdf;1122
15;Mixed Fruits & Vegetables;Grapes (Conventional);8;;Preharvest;;Cluster removal - Unskilled Labor Costs;$54.00 ;;;http://publications.dyson.cornell.edu/outreach/extensionpdf/2014/Cornell-Dyson-eb1401.pdf;1123
15;Mixed Fruits & Vegetables;Grapes (Conventional);9;;Preharvest;;Cluster removal - Unskilled Labor Costs;$54.00 ;;;http://publications.dyson.cornell.edu/outreach/extensionpdf/2014/Cornell-Dyson-eb1401.pdf;1124
15;Mixed Fruits & Vegetables;Grapes (Conventional);10;;Preharvest;;Cluster removal - Unskilled Labor Costs;$54.00 ;;;http://publications.dyson.cornell.edu/outreach/extensionpdf/2014/Cornell-Dyson-eb1401.pdf;1125
15;Mixed Fruits & Vegetables;Grapes (Conventional);11;;Preharvest;;Cluster removal - Unskilled Labor Costs;$54.00 ;;;http://publications.dyson.cornell.edu/outreach/extensionpdf/2014/Cornell-Dyson-eb1401.pdf;1126
15;Mixed Fruits & Vegetables;Grapes (Conventional);12;;Preharvest;;Cluster removal - Unskilled Labor Costs;$54.00 ;;;http://publications.dyson.cornell.edu/outreach/extensionpdf/2014/Cornell-Dyson-eb1401.pdf;1127
15;Mixed Fruits & Vegetables;Grapes (Conventional);13;;Preharvest;;Cluster removal - Unskilled Labor Costs;$54.00 ;;;http://publications.dyson.cornell.edu/outreach/extensionpdf/2014/Cornell-Dyson-eb1401.pdf;1128
15;Mixed Fruits & Vegetables;Grapes (Conventional);14;;Preharvest;;Cluster removal - Unskilled Labor Costs;$54.00 ;;;http://publications.dyson.cornell.edu/outreach/extensionpdf/2014/Cornell-Dyson-eb1401.pdf;1129
15;Mixed Fruits & Vegetables;Grapes (Conventional);15;;Preharvest;;Cluster removal - Unskilled Labor Costs;$54.00 ;;;http://publications.dyson.cornell.edu/outreach/extensionpdf/2014/Cornell-Dyson-eb1401.pdf;1130
15;Mixed Fruits & Vegetables;Grapes (Conventional);16;;Preharvest;;Cluster removal - Unskilled Labor Costs;$54.00 ;;;http://publications.dyson.cornell.edu/outreach/extensionpdf/2014/Cornell-Dyson-eb1401.pdf;1131
15;Mixed Fruits & Vegetables;Grapes (Conventional);17;;Preharvest;;Cluster removal - Unskilled Labor Costs;$54.00 ;;;http://publications.dyson.cornell.edu/outreach/extensionpdf/2014/Cornell-Dyson-eb1401.pdf;1132
15;Mixed Fruits & Vegetables;Grapes (Conventional);18;;Preharvest;;Cluster removal - Unskilled Labor Costs;$54.00 ;;;http://publications.dyson.cornell.edu/outreach/extensionpdf/2014/Cornell-Dyson-eb1401.pdf;1133
15;Mixed Fruits & Vegetables;Grapes (Conventional);19;;Preharvest;;Cluster removal - Unskilled Labor Costs;$54.00 ;;;http://publications.dyson.cornell.edu/outreach/extensionpdf/2014/Cornell-Dyson-eb1401.pdf;1134
15;Mixed Fruits & Vegetables;Grapes (Conventional);20;;Preharvest;;Cluster removal - Unskilled Labor Costs;$54.00 ;;;http://publications.dyson.cornell.edu/outreach/extensionpdf/2014/Cornell-Dyson-eb1401.pdf;1135
15;Mixed Fruits & Vegetables;Grapes (Conventional);21;;Preharvest;;Cluster removal - Unskilled Labor Costs;$54.00 ;;;http://publications.dyson.cornell.edu/outreach/extensionpdf/2014/Cornell-Dyson-eb1401.pdf;1136
15;Mixed Fruits & Vegetables;Grapes (Conventional);22;;Preharvest;;Cluster removal - Unskilled Labor Costs;$54.00 ;;;http://publications.dyson.cornell.edu/outreach/extensionpdf/2014/Cornell-Dyson-eb1401.pdf;1137
15;Mixed Fruits & Vegetables;Grapes (Conventional);4;;Preharvest;;Shoot thinning - Unskilled Labor Costs;$81.00 ;;;http://publications.dyson.cornell.edu/outreach/extensionpdf/2014/Cornell-Dyson-eb1401.pdf;1138
15;Mixed Fruits & Vegetables;Grapes (Conventional);5;;Preharvest;;Shoot thinning - Unskilled Labor Costs;$81.00 ;;;http://publications.dyson.cornell.edu/outreach/extensionpdf/2014/Cornell-Dyson-eb1401.pdf;1139
15;Mixed Fruits & Vegetables;Grapes (Conventional);6;;Preharvest;;Shoot thinning - Unskilled Labor Costs;$81.00 ;;;http://publications.dyson.cornell.edu/outreach/extensionpdf/2014/Cornell-Dyson-eb1401.pdf;1140
15;Mixed Fruits & Vegetables;Grapes (Conventional);7;;Preharvest;;Shoot thinning - Unskilled Labor Costs;$81.00 ;;;http://publications.dyson.cornell.edu/outreach/extensionpdf/2014/Cornell-Dyson-eb1401.pdf;1141
15;Mixed Fruits & Vegetables;Grapes (Conventional);8;;Preharvest;;Shoot thinning - Unskilled Labor Costs;$81.00 ;;;http://publications.dyson.cornell.edu/outreach/extensionpdf/2014/Cornell-Dyson-eb1401.pdf;1142
15;Mixed Fruits & Vegetables;Grapes (Conventional);9;;Preharvest;;Shoot thinning - Unskilled Labor Costs;$81.00 ;;;http://publications.dyson.cornell.edu/outreach/extensionpdf/2014/Cornell-Dyson-eb1401.pdf;1143
15;Mixed Fruits & Vegetables;Grapes (Conventional);10;;Preharvest;;Shoot thinning - Unskilled Labor Costs;$81.00 ;;;http://publications.dyson.cornell.edu/outreach/extensionpdf/2014/Cornell-Dyson-eb1401.pdf;1144
15;Mixed Fruits & Vegetables;Grapes (Conventional);11;;Preharvest;;Shoot thinning - Unskilled Labor Costs;$81.00 ;;;http://publications.dyson.cornell.edu/outreach/extensionpdf/2014/Cornell-Dyson-eb1401.pdf;1145
15;Mixed Fruits & Vegetables;Grapes (Conventional);12;;Preharvest;;Shoot thinning - Unskilled Labor Costs;$81.00 ;;;http://publications.dyson.cornell.edu/outreach/extensionpdf/2014/Cornell-Dyson-eb1401.pdf;1146
15;Mixed Fruits & Vegetables;Grapes (Conventional);13;;Preharvest;;Shoot thinning - Unskilled Labor Costs;$81.00 ;;;http://publications.dyson.cornell.edu/outreach/extensionpdf/2014/Cornell-Dyson-eb1401.pdf;1147
15;Mixed Fruits & Vegetables;Grapes (Conventional);14;;Preharvest;;Shoot thinning - Unskilled Labor Costs;$81.00 ;;;http://publications.dyson.cornell.edu/outreach/extensionpdf/2014/Cornell-Dyson-eb1401.pdf;1148
15;Mixed Fruits & Vegetables;Grapes (Conventional);15;;Preharvest;;Shoot thinning - Unskilled Labor Costs;$81.00 ;;;http://publications.dyson.cornell.edu/outreach/extensionpdf/2014/Cornell-Dyson-eb1401.pdf;1149
15;Mixed Fruits & Vegetables;Grapes (Conventional);16;;Preharvest;;Shoot thinning - Unskilled Labor Costs;$81.00 ;;;http://publications.dyson.cornell.edu/outreach/extensionpdf/2014/Cornell-Dyson-eb1401.pdf;1150
15;Mixed Fruits & Vegetables;Grapes (Conventional);17;;Preharvest;;Shoot thinning - Unskilled Labor Costs;$81.00 ;;;http://publications.dyson.cornell.edu/outreach/extensionpdf/2014/Cornell-Dyson-eb1401.pdf;1151
15;Mixed Fruits & Vegetables;Grapes (Conventional);18;;Preharvest;;Shoot thinning - Unskilled Labor Costs;$81.00 ;;;http://publications.dyson.cornell.edu/outreach/extensionpdf/2014/Cornell-Dyson-eb1401.pdf;1152
15;Mixed Fruits & Vegetables;Grapes (Conventional);19;;Preharvest;;Shoot thinning - Unskilled Labor Costs;$81.00 ;;;http://publications.dyson.cornell.edu/outreach/extensionpdf/2014/Cornell-Dyson-eb1401.pdf;1153
15;Mixed Fruits & Vegetables;Grapes (Conventional);20;;Preharvest;;Shoot thinning - Unskilled Labor Costs;$81.00 ;;;http://publications.dyson.cornell.edu/outreach/extensionpdf/2014/Cornell-Dyson-eb1401.pdf;1154
15;Mixed Fruits & Vegetables;Grapes (Conventional);21;;Preharvest;;Shoot thinning - Unskilled Labor Costs;$81.00 ;;;http://publications.dyson.cornell.edu/outreach/extensionpdf/2014/Cornell-Dyson-eb1401.pdf;1155
15;Mixed Fruits & Vegetables;Grapes (Conventional);22;;Preharvest;;Shoot thinning - Unskilled Labor Costs;$81.00 ;;;http://publications.dyson.cornell.edu/outreach/extensionpdf/2014/Cornell-Dyson-eb1401.pdf;1156
15;Mixed Fruits & Vegetables;Grapes (Conventional);4;;Preharvest;;Take-away (de-hilling) - Skilled Labor Costs;$60.00 ;;;http://publications.dyson.cornell.edu/outreach/extensionpdf/2014/Cornell-Dyson-eb1401.pdf;1157
15;Mixed Fruits & Vegetables;Grapes (Conventional);5;;Preharvest;;Take-away (de-hilling) - Skilled Labor Costs;$60.00 ;;;http://publications.dyson.cornell.edu/outreach/extensionpdf/2014/Cornell-Dyson-eb1401.pdf;1158
15;Mixed Fruits & Vegetables;Grapes (Conventional);6;;Preharvest;;Take-away (de-hilling) - Skilled Labor Costs;$60.00 ;;;http://publications.dyson.cornell.edu/outreach/extensionpdf/2014/Cornell-Dyson-eb1401.pdf;1159
15;Mixed Fruits & Vegetables;Grapes (Conventional);7;;Preharvest;;Take-away (de-hilling) - Skilled Labor Costs;$60.00 ;;;http://publications.dyson.cornell.edu/outreach/extensionpdf/2014/Cornell-Dyson-eb1401.pdf;1160
15;Mixed Fruits & Vegetables;Grapes (Conventional);8;;Preharvest;;Take-away (de-hilling) - Skilled Labor Costs;$60.00 ;;;http://publications.dyson.cornell.edu/outreach/extensionpdf/2014/Cornell-Dyson-eb1401.pdf;1161
15;Mixed Fruits & Vegetables;Grapes (Conventional);9;;Preharvest;;Take-away (de-hilling) - Skilled Labor Costs;$60.00 ;;;http://publications.dyson.cornell.edu/outreach/extensionpdf/2014/Cornell-Dyson-eb1401.pdf;1162
15;Mixed Fruits & Vegetables;Grapes (Conventional);10;;Preharvest;;Take-away (de-hilling) - Skilled Labor Costs;$60.00 ;;;http://publications.dyson.cornell.edu/outreach/extensionpdf/2014/Cornell-Dyson-eb1401.pdf;1163
15;Mixed Fruits & Vegetables;Grapes (Conventional);11;;Preharvest;;Take-away (de-hilling) - Skilled Labor Costs;$60.00 ;;;http://publications.dyson.cornell.edu/outreach/extensionpdf/2014/Cornell-Dyson-eb1401.pdf;1164
15;Mixed Fruits & Vegetables;Grapes (Conventional);12;;Preharvest;;Take-away (de-hilling) - Skilled Labor Costs;$60.00 ;;;http://publications.dyson.cornell.edu/outreach/extensionpdf/2014/Cornell-Dyson-eb1401.pdf;1165
15;Mixed Fruits & Vegetables;Grapes (Conventional);13;;Preharvest;;Take-away (de-hilling) - Skilled Labor Costs;$60.00 ;;;http://publications.dyson.cornell.edu/outreach/extensionpdf/2014/Cornell-Dyson-eb1401.pdf;1166
15;Mixed Fruits & Vegetables;Grapes (Conventional);14;;Preharvest;;Take-away (de-hilling) - Skilled Labor Costs;$60.00 ;;;http://publications.dyson.cornell.edu/outreach/extensionpdf/2014/Cornell-Dyson-eb1401.pdf;1167
15;Mixed Fruits & Vegetables;Grapes (Conventional);15;;Preharvest;;Take-away (de-hilling) - Skilled Labor Costs;$60.00 ;;;http://publications.dyson.cornell.edu/outreach/extensionpdf/2014/Cornell-Dyson-eb1401.pdf;1168
15;Mixed Fruits & Vegetables;Grapes (Conventional);16;;Preharvest;;Take-away (de-hilling) - Skilled Labor Costs;$60.00 ;;;http://publications.dyson.cornell.edu/outreach/extensionpdf/2014/Cornell-Dyson-eb1401.pdf;1169
15;Mixed Fruits & Vegetables;Grapes (Conventional);17;;Preharvest;;Take-away (de-hilling) - Skilled Labor Costs;$60.00 ;;;http://publications.dyson.cornell.edu/outreach/extensionpdf/2014/Cornell-Dyson-eb1401.pdf;1170
15;Mixed Fruits & Vegetables;Grapes (Conventional);18;;Preharvest;;Take-away (de-hilling) - Skilled Labor Costs;$60.00 ;;;http://publications.dyson.cornell.edu/outreach/extensionpdf/2014/Cornell-Dyson-eb1401.pdf;1171
15;Mixed Fruits & Vegetables;Grapes (Conventional);19;;Preharvest;;Take-away (de-hilling) - Skilled Labor Costs;$60.00 ;;;http://publications.dyson.cornell.edu/outreach/extensionpdf/2014/Cornell-Dyson-eb1401.pdf;1172
15;Mixed Fruits & Vegetables;Grapes (Conventional);20;;Preharvest;;Take-away (de-hilling) - Skilled Labor Costs;$60.00 ;;;http://publications.dyson.cornell.edu/outreach/extensionpdf/2014/Cornell-Dyson-eb1401.pdf;1173
15;Mixed Fruits & Vegetables;Grapes (Conventional);21;;Preharvest;;Take-away (de-hilling) - Skilled Labor Costs;$60.00 ;;;http://publications.dyson.cornell.edu/outreach/extensionpdf/2014/Cornell-Dyson-eb1401.pdf;1174
15;Mixed Fruits & Vegetables;Grapes (Conventional);22;;Preharvest;;Take-away (de-hilling) - Skilled Labor Costs;$60.00 ;;;http://publications.dyson.cornell.edu/outreach/extensionpdf/2014/Cornell-Dyson-eb1401.pdf;1175
15;Mixed Fruits & Vegetables;Grapes (Conventional);4;;Preharvest;;Take-away (de-hilling) - Equipment Costs;$45.09 ;;;http://publications.dyson.cornell.edu/outreach/extensionpdf/2014/Cornell-Dyson-eb1401.pdf;1176
15;Mixed Fruits & Vegetables;Grapes (Conventional);5;;Preharvest;;Take-away (de-hilling) - Equipment Costs;$45.09 ;;;http://publications.dyson.cornell.edu/outreach/extensionpdf/2014/Cornell-Dyson-eb1401.pdf;1177
15;Mixed Fruits & Vegetables;Grapes (Conventional);6;;Preharvest;;Take-away (de-hilling) - Equipment Costs;$45.09 ;;;http://publications.dyson.cornell.edu/outreach/extensionpdf/2014/Cornell-Dyson-eb1401.pdf;1178
15;Mixed Fruits & Vegetables;Grapes (Conventional);7;;Preharvest;;Take-away (de-hilling) - Equipment Costs;$45.09 ;;;http://publications.dyson.cornell.edu/outreach/extensionpdf/2014/Cornell-Dyson-eb1401.pdf;1179
15;Mixed Fruits & Vegetables;Grapes (Conventional);8;;Preharvest;;Take-away (de-hilling) - Equipment Costs;$45.09 ;;;http://publications.dyson.cornell.edu/outreach/extensionpdf/2014/Cornell-Dyson-eb1401.pdf;1180
15;Mixed Fruits & Vegetables;Grapes (Conventional);9;;Preharvest;;Take-away (de-hilling) - Equipment Costs;$45.09 ;;;http://publications.dyson.cornell.edu/outreach/extensionpdf/2014/Cornell-Dyson-eb1401.pdf;1181
15;Mixed Fruits & Vegetables;Grapes (Conventional);10;;Preharvest;;Take-away (de-hilling) - Equipment Costs;$45.09 ;;;http://publications.dyson.cornell.edu/outreach/extensionpdf/2014/Cornell-Dyson-eb1401.pdf;1182
15;Mixed Fruits & Vegetables;Grapes (Conventional);11;;Preharvest;;Take-away (de-hilling) - Equipment Costs;$45.09 ;;;http://publications.dyson.cornell.edu/outreach/extensionpdf/2014/Cornell-Dyson-eb1401.pdf;1183
15;Mixed Fruits & Vegetables;Grapes (Conventional);12;;Preharvest;;Take-away (de-hilling) - Equipment Costs;$45.09 ;;;http://publications.dyson.cornell.edu/outreach/extensionpdf/2014/Cornell-Dyson-eb1401.pdf;1184
15;Mixed Fruits & Vegetables;Grapes (Conventional);13;;Preharvest;;Take-away (de-hilling) - Equipment Costs;$45.09 ;;;http://publications.dyson.cornell.edu/outreach/extensionpdf/2014/Cornell-Dyson-eb1401.pdf;1185
15;Mixed Fruits & Vegetables;Grapes (Conventional);14;;Preharvest;;Take-away (de-hilling) - Equipment Costs;$45.09 ;;;http://publications.dyson.cornell.edu/outreach/extensionpdf/2014/Cornell-Dyson-eb1401.pdf;1186
15;Mixed Fruits & Vegetables;Grapes (Conventional);15;;Preharvest;;Take-away (de-hilling) - Equipment Costs;$45.09 ;;;http://publications.dyson.cornell.edu/outreach/extensionpdf/2014/Cornell-Dyson-eb1401.pdf;1187
15;Mixed Fruits & Vegetables;Grapes (Conventional);16;;Preharvest;;Take-away (de-hilling) - Equipment Costs;$45.09 ;;;http://publications.dyson.cornell.edu/outreach/extensionpdf/2014/Cornell-Dyson-eb1401.pdf;1188
15;Mixed Fruits & Vegetables;Grapes (Conventional);17;;Preharvest;;Take-away (de-hilling) - Equipment Costs;$45.09 ;;;http://publications.dyson.cornell.edu/outreach/extensionpdf/2014/Cornell-Dyson-eb1401.pdf;1189
15;Mixed Fruits & Vegetables;Grapes (Conventional);18;;Preharvest;;Take-away (de-hilling) - Equipment Costs;$45.09 ;;;http://publications.dyson.cornell.edu/outreach/extensionpdf/2014/Cornell-Dyson-eb1401.pdf;1190
15;Mixed Fruits & Vegetables;Grapes (Conventional);19;;Preharvest;;Take-away (de-hilling) - Equipment Costs;$45.09 ;;;http://publications.dyson.cornell.edu/outreach/extensionpdf/2014/Cornell-Dyson-eb1401.pdf;1191
15;Mixed Fruits & Vegetables;Grapes (Conventional);20;;Preharvest;;Take-away (de-hilling) - Equipment Costs;$45.09 ;;;http://publications.dyson.cornell.edu/outreach/extensionpdf/2014/Cornell-Dyson-eb1401.pdf;1192
15;Mixed Fruits & Vegetables;Grapes (Conventional);21;;Preharvest;;Take-away (de-hilling) - Equipment Costs;$45.09 ;;;http://publications.dyson.cornell.edu/outreach/extensionpdf/2014/Cornell-Dyson-eb1401.pdf;1193
15;Mixed Fruits & Vegetables;Grapes (Conventional);22;;Preharvest;;Take-away (de-hilling) - Equipment Costs;$45.09 ;;;http://publications.dyson.cornell.edu/outreach/extensionpdf/2014/Cornell-Dyson-eb1401.pdf;1194
15;Mixed Fruits & Vegetables;Grapes (Conventional);4;;Preharvest;;Bird control - Skilled Labor Costs;$60.00 ;;;http://publications.dyson.cornell.edu/outreach/extensionpdf/2014/Cornell-Dyson-eb1401.pdf;1195
15;Mixed Fruits & Vegetables;Grapes (Conventional);5;;Preharvest;;Bird control - Skilled Labor Costs;$60.00 ;;;http://publications.dyson.cornell.edu/outreach/extensionpdf/2014/Cornell-Dyson-eb1401.pdf;1196
15;Mixed Fruits & Vegetables;Grapes (Conventional);6;;Preharvest;;Bird control - Skilled Labor Costs;$60.00 ;;;http://publications.dyson.cornell.edu/outreach/extensionpdf/2014/Cornell-Dyson-eb1401.pdf;1197
15;Mixed Fruits & Vegetables;Grapes (Conventional);7;;Preharvest;;Bird control - Skilled Labor Costs;$60.00 ;;;http://publications.dyson.cornell.edu/outreach/extensionpdf/2014/Cornell-Dyson-eb1401.pdf;1198
15;Mixed Fruits & Vegetables;Grapes (Conventional);8;;Preharvest;;Bird control - Skilled Labor Costs;$60.00 ;;;http://publications.dyson.cornell.edu/outreach/extensionpdf/2014/Cornell-Dyson-eb1401.pdf;1199
15;Mixed Fruits & Vegetables;Grapes (Conventional);9;;Preharvest;;Bird control - Skilled Labor Costs;$60.00 ;;;http://publications.dyson.cornell.edu/outreach/extensionpdf/2014/Cornell-Dyson-eb1401.pdf;1200
15;Mixed Fruits & Vegetables;Grapes (Conventional);10;;Preharvest;;Bird control - Skilled Labor Costs;$60.00 ;;;http://publications.dyson.cornell.edu/outreach/extensionpdf/2014/Cornell-Dyson-eb1401.pdf;1201
15;Mixed Fruits & Vegetables;Grapes (Conventional);11;;Preharvest;;Bird control - Skilled Labor Costs;$60.00 ;;;http://publications.dyson.cornell.edu/outreach/extensionpdf/2014/Cornell-Dyson-eb1401.pdf;1202
15;Mixed Fruits & Vegetables;Grapes (Conventional);12;;Preharvest;;Bird control - Skilled Labor Costs;$60.00 ;;;http://publications.dyson.cornell.edu/outreach/extensionpdf/2014/Cornell-Dyson-eb1401.pdf;1203
15;Mixed Fruits & Vegetables;Grapes (Conventional);13;;Preharvest;;Bird control - Skilled Labor Costs;$60.00 ;;;http://publications.dyson.cornell.edu/outreach/extensionpdf/2014/Cornell-Dyson-eb1401.pdf;1204
15;Mixed Fruits & Vegetables;Grapes (Conventional);14;;Preharvest;;Bird control - Skilled Labor Costs;$60.00 ;;;http://publications.dyson.cornell.edu/outreach/extensionpdf/2014/Cornell-Dyson-eb1401.pdf;1205
15;Mixed Fruits & Vegetables;Grapes (Conventional);15;;Preharvest;;Bird control - Skilled Labor Costs;$60.00 ;;;http://publications.dyson.cornell.edu/outreach/extensionpdf/2014/Cornell-Dyson-eb1401.pdf;1206
15;Mixed Fruits & Vegetables;Grapes (Conventional);16;;Preharvest;;Bird control - Skilled Labor Costs;$60.00 ;;;http://publications.dyson.cornell.edu/outreach/extensionpdf/2014/Cornell-Dyson-eb1401.pdf;1207
15;Mixed Fruits & Vegetables;Grapes (Conventional);17;;Preharvest;;Bird control - Skilled Labor Costs;$60.00 ;;;http://publications.dyson.cornell.edu/outreach/extensionpdf/2014/Cornell-Dyson-eb1401.pdf;1208
15;Mixed Fruits & Vegetables;Grapes (Conventional);18;;Preharvest;;Bird control - Skilled Labor Costs;$60.00 ;;;http://publications.dyson.cornell.edu/outreach/extensionpdf/2014/Cornell-Dyson-eb1401.pdf;1209
15;Mixed Fruits & Vegetables;Grapes (Conventional);19;;Preharvest;;Bird control - Skilled Labor Costs;$60.00 ;;;http://publications.dyson.cornell.edu/outreach/extensionpdf/2014/Cornell-Dyson-eb1401.pdf;1210
15;Mixed Fruits & Vegetables;Grapes (Conventional);20;;Preharvest;;Bird control - Skilled Labor Costs;$60.00 ;;;http://publications.dyson.cornell.edu/outreach/extensionpdf/2014/Cornell-Dyson-eb1401.pdf;1211
15;Mixed Fruits & Vegetables;Grapes (Conventional);21;;Preharvest;;Bird control - Skilled Labor Costs;$60.00 ;;;http://publications.dyson.cornell.edu/outreach/extensionpdf/2014/Cornell-Dyson-eb1401.pdf;1212
15;Mixed Fruits & Vegetables;Grapes (Conventional);22;;Preharvest;;Bird control - Skilled Labor Costs;$60.00 ;;;http://publications.dyson.cornell.edu/outreach/extensionpdf/2014/Cornell-Dyson-eb1401.pdf;1213
15;Mixed Fruits & Vegetables;Grapes (Conventional);4;;Preharvest;;Sprays 1-2 - Mancozeb 75DF;$24.30 ;;Mancozeb 75DF 3 lbs/acre * $4.05/lb * 2 sprays;http://publications.dyson.cornell.edu/outreach/extensionpdf/2014/Cornell-Dyson-eb1401.pdf;1214
15;Mixed Fruits & Vegetables;Grapes (Conventional);5;;Preharvest;;Sprays 1-2 - Mancozeb 75DF;$24.30 ;;Mancozeb 75DF 3 lbs/acre * $4.05/lb * 2 sprays;http://publications.dyson.cornell.edu/outreach/extensionpdf/2014/Cornell-Dyson-eb1401.pdf;1215
15;Mixed Fruits & Vegetables;Grapes (Conventional);6;;Preharvest;;Sprays 1-2 - Mancozeb 75DF;$24.30 ;;Mancozeb 75DF 3 lbs/acre * $4.05/lb * 2 sprays;http://publications.dyson.cornell.edu/outreach/extensionpdf/2014/Cornell-Dyson-eb1401.pdf;1216
15;Mixed Fruits & Vegetables;Grapes (Conventional);7;;Preharvest;;Sprays 1-2 - Mancozeb 75DF;$24.30 ;;Mancozeb 75DF 3 lbs/acre * $4.05/lb * 2 sprays;http://publications.dyson.cornell.edu/outreach/extensionpdf/2014/Cornell-Dyson-eb1401.pdf;1217
15;Mixed Fruits & Vegetables;Grapes (Conventional);8;;Preharvest;;Sprays 1-2 - Mancozeb 75DF;$24.30 ;;Mancozeb 75DF 3 lbs/acre * $4.05/lb * 2 sprays;http://publications.dyson.cornell.edu/outreach/extensionpdf/2014/Cornell-Dyson-eb1401.pdf;1218
15;Mixed Fruits & Vegetables;Grapes (Conventional);9;;Preharvest;;Sprays 1-2 - Mancozeb 75DF;$24.30 ;;Mancozeb 75DF 3 lbs/acre * $4.05/lb * 2 sprays;http://publications.dyson.cornell.edu/outreach/extensionpdf/2014/Cornell-Dyson-eb1401.pdf;1219
15;Mixed Fruits & Vegetables;Grapes (Conventional);10;;Preharvest;;Sprays 1-2 - Mancozeb 75DF;$24.30 ;;Mancozeb 75DF 3 lbs/acre * $4.05/lb * 2 sprays;http://publications.dyson.cornell.edu/outreach/extensionpdf/2014/Cornell-Dyson-eb1401.pdf;1220
15;Mixed Fruits & Vegetables;Grapes (Conventional);11;;Preharvest;;Sprays 1-2 - Mancozeb 75DF;$24.30 ;;Mancozeb 75DF 3 lbs/acre * $4.05/lb * 2 sprays;http://publications.dyson.cornell.edu/outreach/extensionpdf/2014/Cornell-Dyson-eb1401.pdf;1221
15;Mixed Fruits & Vegetables;Grapes (Conventional);12;;Preharvest;;Sprays 1-2 - Mancozeb 75DF;$24.30 ;;Mancozeb 75DF 3 lbs/acre * $4.05/lb * 2 sprays;http://publications.dyson.cornell.edu/outreach/extensionpdf/2014/Cornell-Dyson-eb1401.pdf;1222
15;Mixed Fruits & Vegetables;Grapes (Conventional);13;;Preharvest;;Sprays 1-2 - Mancozeb 75DF;$24.30 ;;Mancozeb 75DF 3 lbs/acre * $4.05/lb * 2 sprays;http://publications.dyson.cornell.edu/outreach/extensionpdf/2014/Cornell-Dyson-eb1401.pdf;1223
15;Mixed Fruits & Vegetables;Grapes (Conventional);14;;Preharvest;;Sprays 1-2 - Mancozeb 75DF;$24.30 ;;Mancozeb 75DF 3 lbs/acre * $4.05/lb * 2 sprays;http://publications.dyson.cornell.edu/outreach/extensionpdf/2014/Cornell-Dyson-eb1401.pdf;1224
15;Mixed Fruits & Vegetables;Grapes (Conventional);15;;Preharvest;;Sprays 1-2 - Mancozeb 75DF;$24.30 ;;Mancozeb 75DF 3 lbs/acre * $4.05/lb * 2 sprays;http://publications.dyson.cornell.edu/outreach/extensionpdf/2014/Cornell-Dyson-eb1401.pdf;1225
15;Mixed Fruits & Vegetables;Grapes (Conventional);16;;Preharvest;;Sprays 1-2 - Mancozeb 75DF;$24.30 ;;Mancozeb 75DF 3 lbs/acre * $4.05/lb * 2 sprays;http://publications.dyson.cornell.edu/outreach/extensionpdf/2014/Cornell-Dyson-eb1401.pdf;1226
15;Mixed Fruits & Vegetables;Grapes (Conventional);17;;Preharvest;;Sprays 1-2 - Mancozeb 75DF;$24.30 ;;Mancozeb 75DF 3 lbs/acre * $4.05/lb * 2 sprays;http://publications.dyson.cornell.edu/outreach/extensionpdf/2014/Cornell-Dyson-eb1401.pdf;1227
15;Mixed Fruits & Vegetables;Grapes (Conventional);18;;Preharvest;;Sprays 1-2 - Mancozeb 75DF;$24.30 ;;Mancozeb 75DF 3 lbs/acre * $4.05/lb * 2 sprays;http://publications.dyson.cornell.edu/outreach/extensionpdf/2014/Cornell-Dyson-eb1401.pdf;1228
15;Mixed Fruits & Vegetables;Grapes (Conventional);19;;Preharvest;;Sprays 1-2 - Mancozeb 75DF;$24.30 ;;Mancozeb 75DF 3 lbs/acre * $4.05/lb * 2 sprays;http://publications.dyson.cornell.edu/outreach/extensionpdf/2014/Cornell-Dyson-eb1401.pdf;1229
15;Mixed Fruits & Vegetables;Grapes (Conventional);20;;Preharvest;;Sprays 1-2 - Mancozeb 75DF;$24.30 ;;Mancozeb 75DF 3 lbs/acre * $4.05/lb * 2 sprays;http://publications.dyson.cornell.edu/outreach/extensionpdf/2014/Cornell-Dyson-eb1401.pdf;1230
15;Mixed Fruits & Vegetables;Grapes (Conventional);21;;Preharvest;;Sprays 1-2 - Mancozeb 75DF;$24.30 ;;Mancozeb 75DF 3 lbs/acre * $4.05/lb * 2 sprays;http://publications.dyson.cornell.edu/outreach/extensionpdf/2014/Cornell-Dyson-eb1401.pdf;1231
15;Mixed Fruits & Vegetables;Grapes (Conventional);22;;Preharvest;;Sprays 1-2 - Mancozeb 75DF;$24.30 ;;Mancozeb 75DF 3 lbs/acre * $4.05/lb * 2 sprays;http://publications.dyson.cornell.edu/outreach/extensionpdf/2014/Cornell-Dyson-eb1401.pdf;1232
15;Mixed Fruits & Vegetables;Grapes (Conventional);4;;Preharvest;;Sprays 1-2 - Sulfur;$4.00 ;;Sulfur 4 lbs/acre * $0.50/lb * 2 sprays;http://publications.dyson.cornell.edu/outreach/extensionpdf/2014/Cornell-Dyson-eb1401.pdf;1233
15;Mixed Fruits & Vegetables;Grapes (Conventional);5;;Preharvest;;Sprays 1-2 - Sulfur;$4.00 ;;Sulfur 4 lbs/acre * $0.50/lb * 2 sprays;http://publications.dyson.cornell.edu/outreach/extensionpdf/2014/Cornell-Dyson-eb1401.pdf;1234
15;Mixed Fruits & Vegetables;Grapes (Conventional);6;;Preharvest;;Sprays 1-2 - Sulfur;$4.00 ;;Sulfur 4 lbs/acre * $0.50/lb * 2 sprays;http://publications.dyson.cornell.edu/outreach/extensionpdf/2014/Cornell-Dyson-eb1401.pdf;1235
15;Mixed Fruits & Vegetables;Grapes (Conventional);7;;Preharvest;;Sprays 1-2 - Sulfur;$4.00 ;;Sulfur 4 lbs/acre * $0.50/lb * 2 sprays;http://publications.dyson.cornell.edu/outreach/extensionpdf/2014/Cornell-Dyson-eb1401.pdf;1236
15;Mixed Fruits & Vegetables;Grapes (Conventional);8;;Preharvest;;Sprays 1-2 - Sulfur;$4.00 ;;Sulfur 4 lbs/acre * $0.50/lb * 2 sprays;http://publications.dyson.cornell.edu/outreach/extensionpdf/2014/Cornell-Dyson-eb1401.pdf;1237
15;Mixed Fruits & Vegetables;Grapes (Conventional);9;;Preharvest;;Sprays 1-2 - Sulfur;$4.00 ;;Sulfur 4 lbs/acre * $0.50/lb * 2 sprays;http://publications.dyson.cornell.edu/outreach/extensionpdf/2014/Cornell-Dyson-eb1401.pdf;1238
15;Mixed Fruits & Vegetables;Grapes (Conventional);10;;Preharvest;;Sprays 1-2 - Sulfur;$4.00 ;;Sulfur 4 lbs/acre * $0.50/lb * 2 sprays;http://publications.dyson.cornell.edu/outreach/extensionpdf/2014/Cornell-Dyson-eb1401.pdf;1239
15;Mixed Fruits & Vegetables;Grapes (Conventional);11;;Preharvest;;Sprays 1-2 - Sulfur;$4.00 ;;Sulfur 4 lbs/acre * $0.50/lb * 2 sprays;http://publications.dyson.cornell.edu/outreach/extensionpdf/2014/Cornell-Dyson-eb1401.pdf;1240
15;Mixed Fruits & Vegetables;Grapes (Conventional);12;;Preharvest;;Sprays 1-2 - Sulfur;$4.00 ;;Sulfur 4 lbs/acre * $0.50/lb * 2 sprays;http://publications.dyson.cornell.edu/outreach/extensionpdf/2014/Cornell-Dyson-eb1401.pdf;1241
15;Mixed Fruits & Vegetables;Grapes (Conventional);13;;Preharvest;;Sprays 1-2 - Sulfur;$4.00 ;;Sulfur 4 lbs/acre * $0.50/lb * 2 sprays;http://publications.dyson.cornell.edu/outreach/extensionpdf/2014/Cornell-Dyson-eb1401.pdf;1242
15;Mixed Fruits & Vegetables;Grapes (Conventional);14;;Preharvest;;Sprays 1-2 - Sulfur;$4.00 ;;Sulfur 4 lbs/acre * $0.50/lb * 2 sprays;http://publications.dyson.cornell.edu/outreach/extensionpdf/2014/Cornell-Dyson-eb1401.pdf;1243
15;Mixed Fruits & Vegetables;Grapes (Conventional);15;;Preharvest;;Sprays 1-2 - Sulfur;$4.00 ;;Sulfur 4 lbs/acre * $0.50/lb * 2 sprays;http://publications.dyson.cornell.edu/outreach/extensionpdf/2014/Cornell-Dyson-eb1401.pdf;1244
15;Mixed Fruits & Vegetables;Grapes (Conventional);16;;Preharvest;;Sprays 1-2 - Sulfur;$4.00 ;;Sulfur 4 lbs/acre * $0.50/lb * 2 sprays;http://publications.dyson.cornell.edu/outreach/extensionpdf/2014/Cornell-Dyson-eb1401.pdf;1245
15;Mixed Fruits & Vegetables;Grapes (Conventional);17;;Preharvest;;Sprays 1-2 - Sulfur;$4.00 ;;Sulfur 4 lbs/acre * $0.50/lb * 2 sprays;http://publications.dyson.cornell.edu/outreach/extensionpdf/2014/Cornell-Dyson-eb1401.pdf;1246
15;Mixed Fruits & Vegetables;Grapes (Conventional);18;;Preharvest;;Sprays 1-2 - Sulfur;$4.00 ;;Sulfur 4 lbs/acre * $0.50/lb * 2 sprays;http://publications.dyson.cornell.edu/outreach/extensionpdf/2014/Cornell-Dyson-eb1401.pdf;1247
15;Mixed Fruits & Vegetables;Grapes (Conventional);19;;Preharvest;;Sprays 1-2 - Sulfur;$4.00 ;;Sulfur 4 lbs/acre * $0.50/lb * 2 sprays;http://publications.dyson.cornell.edu/outreach/extensionpdf/2014/Cornell-Dyson-eb1401.pdf;1248
15;Mixed Fruits & Vegetables;Grapes (Conventional);20;;Preharvest;;Sprays 1-2 - Sulfur;$4.00 ;;Sulfur 4 lbs/acre * $0.50/lb * 2 sprays;http://publications.dyson.cornell.edu/outreach/extensionpdf/2014/Cornell-Dyson-eb1401.pdf;1249
15;Mixed Fruits & Vegetables;Grapes (Conventional);21;;Preharvest;;Sprays 1-2 - Sulfur;$4.00 ;;Sulfur 4 lbs/acre * $0.50/lb * 2 sprays;http://publications.dyson.cornell.edu/outreach/extensionpdf/2014/Cornell-Dyson-eb1401.pdf;1250
15;Mixed Fruits & Vegetables;Grapes (Conventional);22;;Preharvest;;Sprays 1-2 - Sulfur;$4.00 ;;Sulfur 4 lbs/acre * $0.50/lb * 2 sprays;http://publications.dyson.cornell.edu/outreach/extensionpdf/2014/Cornell-Dyson-eb1401.pdf;1251
15;Mixed Fruits & Vegetables;Grapes (Conventional);4;;Preharvest;;Sprays 1-2 - Spreader;$1.25 ;;Spreader 4 oz./acre * $20/gal * 2 sprays;http://publications.dyson.cornell.edu/outreach/extensionpdf/2014/Cornell-Dyson-eb1401.pdf;1252
15;Mixed Fruits & Vegetables;Grapes (Conventional);5;;Preharvest;;Sprays 1-2 - Spreader;$1.25 ;;Spreader 4 oz./acre * $20/gal * 2 sprays;http://publications.dyson.cornell.edu/outreach/extensionpdf/2014/Cornell-Dyson-eb1401.pdf;1253
15;Mixed Fruits & Vegetables;Grapes (Conventional);6;;Preharvest;;Sprays 1-2 - Spreader;$1.25 ;;Spreader 4 oz./acre * $20/gal * 2 sprays;http://publications.dyson.cornell.edu/outreach/extensionpdf/2014/Cornell-Dyson-eb1401.pdf;1254
15;Mixed Fruits & Vegetables;Grapes (Conventional);7;;Preharvest;;Sprays 1-2 - Spreader;$1.25 ;;Spreader 4 oz./acre * $20/gal * 2 sprays;http://publications.dyson.cornell.edu/outreach/extensionpdf/2014/Cornell-Dyson-eb1401.pdf;1255
15;Mixed Fruits & Vegetables;Grapes (Conventional);8;;Preharvest;;Sprays 1-2 - Spreader;$1.25 ;;Spreader 4 oz./acre * $20/gal * 2 sprays;http://publications.dyson.cornell.edu/outreach/extensionpdf/2014/Cornell-Dyson-eb1401.pdf;1256
15;Mixed Fruits & Vegetables;Grapes (Conventional);9;;Preharvest;;Sprays 1-2 - Spreader;$1.25 ;;Spreader 4 oz./acre * $20/gal * 2 sprays;http://publications.dyson.cornell.edu/outreach/extensionpdf/2014/Cornell-Dyson-eb1401.pdf;1257
15;Mixed Fruits & Vegetables;Grapes (Conventional);10;;Preharvest;;Sprays 1-2 - Spreader;$1.25 ;;Spreader 4 oz./acre * $20/gal * 2 sprays;http://publications.dyson.cornell.edu/outreach/extensionpdf/2014/Cornell-Dyson-eb1401.pdf;1258
15;Mixed Fruits & Vegetables;Grapes (Conventional);11;;Preharvest;;Sprays 1-2 - Spreader;$1.25 ;;Spreader 4 oz./acre * $20/gal * 2 sprays;http://publications.dyson.cornell.edu/outreach/extensionpdf/2014/Cornell-Dyson-eb1401.pdf;1259
15;Mixed Fruits & Vegetables;Grapes (Conventional);12;;Preharvest;;Sprays 1-2 - Spreader;$1.25 ;;Spreader 4 oz./acre * $20/gal * 2 sprays;http://publications.dyson.cornell.edu/outreach/extensionpdf/2014/Cornell-Dyson-eb1401.pdf;1260
15;Mixed Fruits & Vegetables;Grapes (Conventional);13;;Preharvest;;Sprays 1-2 - Spreader;$1.25 ;;Spreader 4 oz./acre * $20/gal * 2 sprays;http://publications.dyson.cornell.edu/outreach/extensionpdf/2014/Cornell-Dyson-eb1401.pdf;1261
15;Mixed Fruits & Vegetables;Grapes (Conventional);14;;Preharvest;;Sprays 1-2 - Spreader;$1.25 ;;Spreader 4 oz./acre * $20/gal * 2 sprays;http://publications.dyson.cornell.edu/outreach/extensionpdf/2014/Cornell-Dyson-eb1401.pdf;1262
15;Mixed Fruits & Vegetables;Grapes (Conventional);15;;Preharvest;;Sprays 1-2 - Spreader;$1.25 ;;Spreader 4 oz./acre * $20/gal * 2 sprays;http://publications.dyson.cornell.edu/outreach/extensionpdf/2014/Cornell-Dyson-eb1401.pdf;1263
15;Mixed Fruits & Vegetables;Grapes (Conventional);16;;Preharvest;;Sprays 1-2 - Spreader;$1.25 ;;Spreader 4 oz./acre * $20/gal * 2 sprays;http://publications.dyson.cornell.edu/outreach/extensionpdf/2014/Cornell-Dyson-eb1401.pdf;1264
15;Mixed Fruits & Vegetables;Grapes (Conventional);17;;Preharvest;;Sprays 1-2 - Spreader;$1.25 ;;Spreader 4 oz./acre * $20/gal * 2 sprays;http://publications.dyson.cornell.edu/outreach/extensionpdf/2014/Cornell-Dyson-eb1401.pdf;1265
15;Mixed Fruits & Vegetables;Grapes (Conventional);18;;Preharvest;;Sprays 1-2 - Spreader;$1.25 ;;Spreader 4 oz./acre * $20/gal * 2 sprays;http://publications.dyson.cornell.edu/outreach/extensionpdf/2014/Cornell-Dyson-eb1401.pdf;1266
15;Mixed Fruits & Vegetables;Grapes (Conventional);19;;Preharvest;;Sprays 1-2 - Spreader;$1.25 ;;Spreader 4 oz./acre * $20/gal * 2 sprays;http://publications.dyson.cornell.edu/outreach/extensionpdf/2014/Cornell-Dyson-eb1401.pdf;1267
15;Mixed Fruits & Vegetables;Grapes (Conventional);20;;Preharvest;;Sprays 1-2 - Spreader;$1.25 ;;Spreader 4 oz./acre * $20/gal * 2 sprays;http://publications.dyson.cornell.edu/outreach/extensionpdf/2014/Cornell-Dyson-eb1401.pdf;1268
15;Mixed Fruits & Vegetables;Grapes (Conventional);21;;Preharvest;;Sprays 1-2 - Spreader;$1.25 ;;Spreader 4 oz./acre * $20/gal * 2 sprays;http://publications.dyson.cornell.edu/outreach/extensionpdf/2014/Cornell-Dyson-eb1401.pdf;1269
15;Mixed Fruits & Vegetables;Grapes (Conventional);22;;Preharvest;;Sprays 1-2 - Spreader;$1.25 ;;Spreader 4 oz./acre * $20/gal * 2 sprays;http://publications.dyson.cornell.edu/outreach/extensionpdf/2014/Cornell-Dyson-eb1401.pdf;1270
15;Mixed Fruits & Vegetables;Grapes (Conventional);4;;Preharvest;;Sprays 1-2 - Skilled Labor Costs;$24.00 ;;0.6 hours * $20/hour * 2 sprays;;1271
15;Mixed Fruits & Vegetables;Grapes (Conventional);5;;Preharvest;;Sprays 1-2 - Skilled Labor Costs;$24.00 ;;0.6 hours * $20/hour * 2 sprays;;1272
15;Mixed Fruits & Vegetables;Grapes (Conventional);6;;Preharvest;;Sprays 1-2 - Skilled Labor Costs;$24.00 ;;0.6 hours * $20/hour * 2 sprays;;1273
15;Mixed Fruits & Vegetables;Grapes (Conventional);7;;Preharvest;;Sprays 1-2 - Skilled Labor Costs;$24.00 ;;0.6 hours * $20/hour * 2 sprays;;1274
15;Mixed Fruits & Vegetables;Grapes (Conventional);8;;Preharvest;;Sprays 1-2 - Skilled Labor Costs;$24.00 ;;0.6 hours * $20/hour * 2 sprays;;1275
15;Mixed Fruits & Vegetables;Grapes (Conventional);9;;Preharvest;;Sprays 1-2 - Skilled Labor Costs;$24.00 ;;0.6 hours * $20/hour * 2 sprays;;1276
15;Mixed Fruits & Vegetables;Grapes (Conventional);10;;Preharvest;;Sprays 1-2 - Skilled Labor Costs;$24.00 ;;0.6 hours * $20/hour * 2 sprays;;1277
15;Mixed Fruits & Vegetables;Grapes (Conventional);11;;Preharvest;;Sprays 1-2 - Skilled Labor Costs;$24.00 ;;0.6 hours * $20/hour * 2 sprays;;1278
15;Mixed Fruits & Vegetables;Grapes (Conventional);12;;Preharvest;;Sprays 1-2 - Skilled Labor Costs;$24.00 ;;0.6 hours * $20/hour * 2 sprays;;1279
15;Mixed Fruits & Vegetables;Grapes (Conventional);13;;Preharvest;;Sprays 1-2 - Skilled Labor Costs;$24.00 ;;0.6 hours * $20/hour * 2 sprays;;1280
15;Mixed Fruits & Vegetables;Grapes (Conventional);14;;Preharvest;;Sprays 1-2 - Skilled Labor Costs;$24.00 ;;0.6 hours * $20/hour * 2 sprays;;1281
15;Mixed Fruits & Vegetables;Grapes (Conventional);15;;Preharvest;;Sprays 1-2 - Skilled Labor Costs;$24.00 ;;0.6 hours * $20/hour * 2 sprays;;1282
15;Mixed Fruits & Vegetables;Grapes (Conventional);16;;Preharvest;;Sprays 1-2 - Skilled Labor Costs;$24.00 ;;0.6 hours * $20/hour * 2 sprays;;1283
15;Mixed Fruits & Vegetables;Grapes (Conventional);17;;Preharvest;;Sprays 1-2 - Skilled Labor Costs;$24.00 ;;0.6 hours * $20/hour * 2 sprays;;1284
15;Mixed Fruits & Vegetables;Grapes (Conventional);18;;Preharvest;;Sprays 1-2 - Skilled Labor Costs;$24.00 ;;0.6 hours * $20/hour * 2 sprays;;1285
15;Mixed Fruits & Vegetables;Grapes (Conventional);19;;Preharvest;;Sprays 1-2 - Skilled Labor Costs;$24.00 ;;0.6 hours * $20/hour * 2 sprays;;1286
15;Mixed Fruits & Vegetables;Grapes (Conventional);20;;Preharvest;;Sprays 1-2 - Skilled Labor Costs;$24.00 ;;0.6 hours * $20/hour * 2 sprays;;1287
15;Mixed Fruits & Vegetables;Grapes (Conventional);21;;Preharvest;;Sprays 1-2 - Skilled Labor Costs;$24.00 ;;0.6 hours * $20/hour * 2 sprays;;1288
15;Mixed Fruits & Vegetables;Grapes (Conventional);22;;Preharvest;;Sprays 1-2 - Skilled Labor Costs;$24.00 ;;0.6 hours * $20/hour * 2 sprays;;1289
15;Mixed Fruits & Vegetables;Grapes (Conventional);4;;Preharvest;;Sprays 1-2 - Equipment Costs;$27.94 ;;??? $13.97 * 2 sprays ???;;1290
15;Mixed Fruits & Vegetables;Grapes (Conventional);5;;Preharvest;;Sprays 1-2 - Equipment Costs;$27.94 ;;??? $13.97 * 2 sprays ???;;1291
15;Mixed Fruits & Vegetables;Grapes (Conventional);6;;Preharvest;;Sprays 1-2 - Equipment Costs;$27.94 ;;??? $13.97 * 2 sprays ???;;1292
15;Mixed Fruits & Vegetables;Grapes (Conventional);7;;Preharvest;;Sprays 1-2 - Equipment Costs;$27.94 ;;??? $13.97 * 2 sprays ???;;1293
15;Mixed Fruits & Vegetables;Grapes (Conventional);8;;Preharvest;;Sprays 1-2 - Equipment Costs;$27.94 ;;??? $13.97 * 2 sprays ???;;1294
15;Mixed Fruits & Vegetables;Grapes (Conventional);9;;Preharvest;;Sprays 1-2 - Equipment Costs;$27.94 ;;??? $13.97 * 2 sprays ???;;1295
15;Mixed Fruits & Vegetables;Grapes (Conventional);10;;Preharvest;;Sprays 1-2 - Equipment Costs;$27.94 ;;??? $13.97 * 2 sprays ???;;1296
15;Mixed Fruits & Vegetables;Grapes (Conventional);11;;Preharvest;;Sprays 1-2 - Equipment Costs;$27.94 ;;??? $13.97 * 2 sprays ???;;1297
15;Mixed Fruits & Vegetables;Grapes (Conventional);12;;Preharvest;;Sprays 1-2 - Equipment Costs;$27.94 ;;??? $13.97 * 2 sprays ???;;1298
15;Mixed Fruits & Vegetables;Grapes (Conventional);13;;Preharvest;;Sprays 1-2 - Equipment Costs;$27.94 ;;??? $13.97 * 2 sprays ???;;1299
15;Mixed Fruits & Vegetables;Grapes (Conventional);14;;Preharvest;;Sprays 1-2 - Equipment Costs;$27.94 ;;??? $13.97 * 2 sprays ???;;1300
15;Mixed Fruits & Vegetables;Grapes (Conventional);15;;Preharvest;;Sprays 1-2 - Equipment Costs;$27.94 ;;??? $13.97 * 2 sprays ???;;1301
15;Mixed Fruits & Vegetables;Grapes (Conventional);16;;Preharvest;;Sprays 1-2 - Equipment Costs;$27.94 ;;??? $13.97 * 2 sprays ???;;1302
15;Mixed Fruits & Vegetables;Grapes (Conventional);17;;Preharvest;;Sprays 1-2 - Equipment Costs;$27.94 ;;??? $13.97 * 2 sprays ???;;1303
15;Mixed Fruits & Vegetables;Grapes (Conventional);18;;Preharvest;;Sprays 1-2 - Equipment Costs;$27.94 ;;??? $13.97 * 2 sprays ???;;1304
15;Mixed Fruits & Vegetables;Grapes (Conventional);19;;Preharvest;;Sprays 1-2 - Equipment Costs;$27.94 ;;??? $13.97 * 2 sprays ???;;1305
15;Mixed Fruits & Vegetables;Grapes (Conventional);20;;Preharvest;;Sprays 1-2 - Equipment Costs;$27.94 ;;??? $13.97 * 2 sprays ???;;1306
15;Mixed Fruits & Vegetables;Grapes (Conventional);21;;Preharvest;;Sprays 1-2 - Equipment Costs;$27.94 ;;??? $13.97 * 2 sprays ???;;1307
15;Mixed Fruits & Vegetables;Grapes (Conventional);22;;Preharvest;;Sprays 1-2 - Equipment Costs;$27.94 ;;??? $13.97 * 2 sprays ???;;1308
15;Mixed Fruits & Vegetables;Grapes (Conventional);4;;Preharvest;;Spray 3 - Mancozeb 75DF;$12.15 ;;Mancozeb 75DF 3 lbs/acre * $4.05/lb * 2 sprays;http://publications.dyson.cornell.edu/outreach/extensionpdf/2014/Cornell-Dyson-eb1401.pdf;1309
15;Mixed Fruits & Vegetables;Grapes (Conventional);5;;Preharvest;;Spray 3 - Mancozeb 75DF;$12.15 ;;Mancozeb 75DF 3 lbs/acre * $4.05/lb * 2 sprays;http://publications.dyson.cornell.edu/outreach/extensionpdf/2014/Cornell-Dyson-eb1401.pdf;1310
15;Mixed Fruits & Vegetables;Grapes (Conventional);6;;Preharvest;;Spray 3 - Mancozeb 75DF;$12.15 ;;Mancozeb 75DF 3 lbs/acre * $4.05/lb * 2 sprays;http://publications.dyson.cornell.edu/outreach/extensionpdf/2014/Cornell-Dyson-eb1401.pdf;1311
15;Mixed Fruits & Vegetables;Grapes (Conventional);7;;Preharvest;;Spray 3 - Mancozeb 75DF;$12.15 ;;Mancozeb 75DF 3 lbs/acre * $4.05/lb * 2 sprays;http://publications.dyson.cornell.edu/outreach/extensionpdf/2014/Cornell-Dyson-eb1401.pdf;1312
15;Mixed Fruits & Vegetables;Grapes (Conventional);8;;Preharvest;;Spray 3 - Mancozeb 75DF;$12.15 ;;Mancozeb 75DF 3 lbs/acre * $4.05/lb * 2 sprays;http://publications.dyson.cornell.edu/outreach/extensionpdf/2014/Cornell-Dyson-eb1401.pdf;1313
15;Mixed Fruits & Vegetables;Grapes (Conventional);9;;Preharvest;;Spray 3 - Mancozeb 75DF;$12.15 ;;Mancozeb 75DF 3 lbs/acre * $4.05/lb * 2 sprays;http://publications.dyson.cornell.edu/outreach/extensionpdf/2014/Cornell-Dyson-eb1401.pdf;1314
15;Mixed Fruits & Vegetables;Grapes (Conventional);10;;Preharvest;;Spray 3 - Mancozeb 75DF;$12.15 ;;Mancozeb 75DF 3 lbs/acre * $4.05/lb * 2 sprays;http://publications.dyson.cornell.edu/outreach/extensionpdf/2014/Cornell-Dyson-eb1401.pdf;1315
15;Mixed Fruits & Vegetables;Grapes (Conventional);11;;Preharvest;;Spray 3 - Mancozeb 75DF;$12.15 ;;Mancozeb 75DF 3 lbs/acre * $4.05/lb * 2 sprays;http://publications.dyson.cornell.edu/outreach/extensionpdf/2014/Cornell-Dyson-eb1401.pdf;1316
15;Mixed Fruits & Vegetables;Grapes (Conventional);12;;Preharvest;;Spray 3 - Mancozeb 75DF;$12.15 ;;Mancozeb 75DF 3 lbs/acre * $4.05/lb * 2 sprays;http://publications.dyson.cornell.edu/outreach/extensionpdf/2014/Cornell-Dyson-eb1401.pdf;1317
15;Mixed Fruits & Vegetables;Grapes (Conventional);13;;Preharvest;;Spray 3 - Mancozeb 75DF;$12.15 ;;Mancozeb 75DF 3 lbs/acre * $4.05/lb * 2 sprays;http://publications.dyson.cornell.edu/outreach/extensionpdf/2014/Cornell-Dyson-eb1401.pdf;1318
15;Mixed Fruits & Vegetables;Grapes (Conventional);14;;Preharvest;;Spray 3 - Mancozeb 75DF;$12.15 ;;Mancozeb 75DF 3 lbs/acre * $4.05/lb * 2 sprays;http://publications.dyson.cornell.edu/outreach/extensionpdf/2014/Cornell-Dyson-eb1401.pdf;1319
15;Mixed Fruits & Vegetables;Grapes (Conventional);15;;Preharvest;;Spray 3 - Mancozeb 75DF;$12.15 ;;Mancozeb 75DF 3 lbs/acre * $4.05/lb * 2 sprays;http://publications.dyson.cornell.edu/outreach/extensionpdf/2014/Cornell-Dyson-eb1401.pdf;1320
15;Mixed Fruits & Vegetables;Grapes (Conventional);16;;Preharvest;;Spray 3 - Mancozeb 75DF;$12.15 ;;Mancozeb 75DF 3 lbs/acre * $4.05/lb * 2 sprays;http://publications.dyson.cornell.edu/outreach/extensionpdf/2014/Cornell-Dyson-eb1401.pdf;1321
15;Mixed Fruits & Vegetables;Grapes (Conventional);17;;Preharvest;;Spray 3 - Mancozeb 75DF;$12.15 ;;Mancozeb 75DF 3 lbs/acre * $4.05/lb * 2 sprays;http://publications.dyson.cornell.edu/outreach/extensionpdf/2014/Cornell-Dyson-eb1401.pdf;1322
15;Mixed Fruits & Vegetables;Grapes (Conventional);18;;Preharvest;;Spray 3 - Mancozeb 75DF;$12.15 ;;Mancozeb 75DF 3 lbs/acre * $4.05/lb * 2 sprays;http://publications.dyson.cornell.edu/outreach/extensionpdf/2014/Cornell-Dyson-eb1401.pdf;1323
15;Mixed Fruits & Vegetables;Grapes (Conventional);19;;Preharvest;;Spray 3 - Mancozeb 75DF;$12.15 ;;Mancozeb 75DF 3 lbs/acre * $4.05/lb * 2 sprays;http://publications.dyson.cornell.edu/outreach/extensionpdf/2014/Cornell-Dyson-eb1401.pdf;1324
15;Mixed Fruits & Vegetables;Grapes (Conventional);20;;Preharvest;;Spray 3 - Mancozeb 75DF;$12.15 ;;Mancozeb 75DF 3 lbs/acre * $4.05/lb * 2 sprays;http://publications.dyson.cornell.edu/outreach/extensionpdf/2014/Cornell-Dyson-eb1401.pdf;1325
15;Mixed Fruits & Vegetables;Grapes (Conventional);21;;Preharvest;;Spray 3 - Mancozeb 75DF;$12.15 ;;Mancozeb 75DF 3 lbs/acre * $4.05/lb * 2 sprays;http://publications.dyson.cornell.edu/outreach/extensionpdf/2014/Cornell-Dyson-eb1401.pdf;1326
15;Mixed Fruits & Vegetables;Grapes (Conventional);22;;Preharvest;;Spray 3 - Mancozeb 75DF;$12.15 ;;Mancozeb 75DF 3 lbs/acre * $4.05/lb * 2 sprays;http://publications.dyson.cornell.edu/outreach/extensionpdf/2014/Cornell-Dyson-eb1401.pdf;1327
15;Mixed Fruits & Vegetables;Grapes (Conventional);4;;Preharvest;;Spray 3 - Sulfur;$2.50 ;;Sulfur 5 lbs/acre * $0.50/lb * 2 sprays;http://publications.dyson.cornell.edu/outreach/extensionpdf/2014/Cornell-Dyson-eb1401.pdf;1328
15;Mixed Fruits & Vegetables;Grapes (Conventional);5;;Preharvest;;Spray 3 - Sulfur;$2.50 ;;Sulfur 5 lbs/acre * $0.50/lb * 2 sprays;http://publications.dyson.cornell.edu/outreach/extensionpdf/2014/Cornell-Dyson-eb1401.pdf;1329
15;Mixed Fruits & Vegetables;Grapes (Conventional);6;;Preharvest;;Spray 3 - Sulfur;$2.50 ;;Sulfur 5 lbs/acre * $0.50/lb * 2 sprays;http://publications.dyson.cornell.edu/outreach/extensionpdf/2014/Cornell-Dyson-eb1401.pdf;1330
15;Mixed Fruits & Vegetables;Grapes (Conventional);7;;Preharvest;;Spray 3 - Sulfur;$2.50 ;;Sulfur 5 lbs/acre * $0.50/lb * 2 sprays;http://publications.dyson.cornell.edu/outreach/extensionpdf/2014/Cornell-Dyson-eb1401.pdf;1331
15;Mixed Fruits & Vegetables;Grapes (Conventional);8;;Preharvest;;Spray 3 - Sulfur;$2.50 ;;Sulfur 5 lbs/acre * $0.50/lb * 2 sprays;http://publications.dyson.cornell.edu/outreach/extensionpdf/2014/Cornell-Dyson-eb1401.pdf;1332
15;Mixed Fruits & Vegetables;Grapes (Conventional);9;;Preharvest;;Spray 3 - Sulfur;$2.50 ;;Sulfur 5 lbs/acre * $0.50/lb * 2 sprays;http://publications.dyson.cornell.edu/outreach/extensionpdf/2014/Cornell-Dyson-eb1401.pdf;1333
15;Mixed Fruits & Vegetables;Grapes (Conventional);10;;Preharvest;;Spray 3 - Sulfur;$2.50 ;;Sulfur 5 lbs/acre * $0.50/lb * 2 sprays;http://publications.dyson.cornell.edu/outreach/extensionpdf/2014/Cornell-Dyson-eb1401.pdf;1334
15;Mixed Fruits & Vegetables;Grapes (Conventional);11;;Preharvest;;Spray 3 - Sulfur;$2.50 ;;Sulfur 5 lbs/acre * $0.50/lb * 2 sprays;http://publications.dyson.cornell.edu/outreach/extensionpdf/2014/Cornell-Dyson-eb1401.pdf;1335
15;Mixed Fruits & Vegetables;Grapes (Conventional);12;;Preharvest;;Spray 3 - Sulfur;$2.50 ;;Sulfur 5 lbs/acre * $0.50/lb * 2 sprays;http://publications.dyson.cornell.edu/outreach/extensionpdf/2014/Cornell-Dyson-eb1401.pdf;1336
15;Mixed Fruits & Vegetables;Grapes (Conventional);13;;Preharvest;;Spray 3 - Sulfur;$2.50 ;;Sulfur 5 lbs/acre * $0.50/lb * 2 sprays;http://publications.dyson.cornell.edu/outreach/extensionpdf/2014/Cornell-Dyson-eb1401.pdf;1337
15;Mixed Fruits & Vegetables;Grapes (Conventional);14;;Preharvest;;Spray 3 - Sulfur;$2.50 ;;Sulfur 5 lbs/acre * $0.50/lb * 2 sprays;http://publications.dyson.cornell.edu/outreach/extensionpdf/2014/Cornell-Dyson-eb1401.pdf;1338
15;Mixed Fruits & Vegetables;Grapes (Conventional);15;;Preharvest;;Spray 3 - Sulfur;$2.50 ;;Sulfur 5 lbs/acre * $0.50/lb * 2 sprays;http://publications.dyson.cornell.edu/outreach/extensionpdf/2014/Cornell-Dyson-eb1401.pdf;1339
15;Mixed Fruits & Vegetables;Grapes (Conventional);16;;Preharvest;;Spray 3 - Sulfur;$2.50 ;;Sulfur 5 lbs/acre * $0.50/lb * 2 sprays;http://publications.dyson.cornell.edu/outreach/extensionpdf/2014/Cornell-Dyson-eb1401.pdf;1340
15;Mixed Fruits & Vegetables;Grapes (Conventional);17;;Preharvest;;Spray 3 - Sulfur;$2.50 ;;Sulfur 5 lbs/acre * $0.50/lb * 2 sprays;http://publications.dyson.cornell.edu/outreach/extensionpdf/2014/Cornell-Dyson-eb1401.pdf;1341
15;Mixed Fruits & Vegetables;Grapes (Conventional);18;;Preharvest;;Spray 3 - Sulfur;$2.50 ;;Sulfur 5 lbs/acre * $0.50/lb * 2 sprays;http://publications.dyson.cornell.edu/outreach/extensionpdf/2014/Cornell-Dyson-eb1401.pdf;1342
15;Mixed Fruits & Vegetables;Grapes (Conventional);19;;Preharvest;;Spray 3 - Sulfur;$2.50 ;;Sulfur 5 lbs/acre * $0.50/lb * 2 sprays;http://publications.dyson.cornell.edu/outreach/extensionpdf/2014/Cornell-Dyson-eb1401.pdf;1343
15;Mixed Fruits & Vegetables;Grapes (Conventional);20;;Preharvest;;Spray 3 - Sulfur;$2.50 ;;Sulfur 5 lbs/acre * $0.50/lb * 2 sprays;http://publications.dyson.cornell.edu/outreach/extensionpdf/2014/Cornell-Dyson-eb1401.pdf;1344
15;Mixed Fruits & Vegetables;Grapes (Conventional);21;;Preharvest;;Spray 3 - Sulfur;$2.50 ;;Sulfur 5 lbs/acre * $0.50/lb * 2 sprays;http://publications.dyson.cornell.edu/outreach/extensionpdf/2014/Cornell-Dyson-eb1401.pdf;1345
15;Mixed Fruits & Vegetables;Grapes (Conventional);22;;Preharvest;;Spray 3 - Sulfur;$2.50 ;;Sulfur 5 lbs/acre * $0.50/lb * 2 sprays;http://publications.dyson.cornell.edu/outreach/extensionpdf/2014/Cornell-Dyson-eb1401.pdf;1346
15;Mixed Fruits & Vegetables;Grapes (Conventional);4;;Preharvest;;Spray 3 - Spreader;$0.63 ;;Spreader 4 oz./acre * $20/gal * 2 sprays;http://publications.dyson.cornell.edu/outreach/extensionpdf/2014/Cornell-Dyson-eb1401.pdf;1347
15;Mixed Fruits & Vegetables;Grapes (Conventional);5;;Preharvest;;Spray 3 - Spreader;$0.63 ;;Spreader 4 oz./acre * $20/gal * 2 sprays;http://publications.dyson.cornell.edu/outreach/extensionpdf/2014/Cornell-Dyson-eb1401.pdf;1348
15;Mixed Fruits & Vegetables;Grapes (Conventional);6;;Preharvest;;Spray 3 - Spreader;$0.63 ;;Spreader 4 oz./acre * $20/gal * 2 sprays;http://publications.dyson.cornell.edu/outreach/extensionpdf/2014/Cornell-Dyson-eb1401.pdf;1349
15;Mixed Fruits & Vegetables;Grapes (Conventional);7;;Preharvest;;Spray 3 - Spreader;$0.63 ;;Spreader 4 oz./acre * $20/gal * 2 sprays;http://publications.dyson.cornell.edu/outreach/extensionpdf/2014/Cornell-Dyson-eb1401.pdf;1350
15;Mixed Fruits & Vegetables;Grapes (Conventional);8;;Preharvest;;Spray 3 - Spreader;$0.63 ;;Spreader 4 oz./acre * $20/gal * 2 sprays;http://publications.dyson.cornell.edu/outreach/extensionpdf/2014/Cornell-Dyson-eb1401.pdf;1351
15;Mixed Fruits & Vegetables;Grapes (Conventional);9;;Preharvest;;Spray 3 - Spreader;$0.63 ;;Spreader 4 oz./acre * $20/gal * 2 sprays;http://publications.dyson.cornell.edu/outreach/extensionpdf/2014/Cornell-Dyson-eb1401.pdf;1352
15;Mixed Fruits & Vegetables;Grapes (Conventional);10;;Preharvest;;Spray 3 - Spreader;$0.63 ;;Spreader 4 oz./acre * $20/gal * 2 sprays;http://publications.dyson.cornell.edu/outreach/extensionpdf/2014/Cornell-Dyson-eb1401.pdf;1353
15;Mixed Fruits & Vegetables;Grapes (Conventional);11;;Preharvest;;Spray 3 - Spreader;$0.63 ;;Spreader 4 oz./acre * $20/gal * 2 sprays;http://publications.dyson.cornell.edu/outreach/extensionpdf/2014/Cornell-Dyson-eb1401.pdf;1354
15;Mixed Fruits & Vegetables;Grapes (Conventional);12;;Preharvest;;Spray 3 - Spreader;$0.63 ;;Spreader 4 oz./acre * $20/gal * 2 sprays;http://publications.dyson.cornell.edu/outreach/extensionpdf/2014/Cornell-Dyson-eb1401.pdf;1355
15;Mixed Fruits & Vegetables;Grapes (Conventional);13;;Preharvest;;Spray 3 - Spreader;$0.63 ;;Spreader 4 oz./acre * $20/gal * 2 sprays;http://publications.dyson.cornell.edu/outreach/extensionpdf/2014/Cornell-Dyson-eb1401.pdf;1356
15;Mixed Fruits & Vegetables;Grapes (Conventional);14;;Preharvest;;Spray 3 - Spreader;$0.63 ;;Spreader 4 oz./acre * $20/gal * 2 sprays;http://publications.dyson.cornell.edu/outreach/extensionpdf/2014/Cornell-Dyson-eb1401.pdf;1357
15;Mixed Fruits & Vegetables;Grapes (Conventional);15;;Preharvest;;Spray 3 - Spreader;$0.63 ;;Spreader 4 oz./acre * $20/gal * 2 sprays;http://publications.dyson.cornell.edu/outreach/extensionpdf/2014/Cornell-Dyson-eb1401.pdf;1358
15;Mixed Fruits & Vegetables;Grapes (Conventional);16;;Preharvest;;Spray 3 - Spreader;$0.63 ;;Spreader 4 oz./acre * $20/gal * 2 sprays;http://publications.dyson.cornell.edu/outreach/extensionpdf/2014/Cornell-Dyson-eb1401.pdf;1359
15;Mixed Fruits & Vegetables;Grapes (Conventional);17;;Preharvest;;Spray 3 - Spreader;$0.63 ;;Spreader 4 oz./acre * $20/gal * 2 sprays;http://publications.dyson.cornell.edu/outreach/extensionpdf/2014/Cornell-Dyson-eb1401.pdf;1360
15;Mixed Fruits & Vegetables;Grapes (Conventional);18;;Preharvest;;Spray 3 - Spreader;$0.63 ;;Spreader 4 oz./acre * $20/gal * 2 sprays;http://publications.dyson.cornell.edu/outreach/extensionpdf/2014/Cornell-Dyson-eb1401.pdf;1361
15;Mixed Fruits & Vegetables;Grapes (Conventional);19;;Preharvest;;Spray 3 - Spreader;$0.63 ;;Spreader 4 oz./acre * $20/gal * 2 sprays;http://publications.dyson.cornell.edu/outreach/extensionpdf/2014/Cornell-Dyson-eb1401.pdf;1362
15;Mixed Fruits & Vegetables;Grapes (Conventional);20;;Preharvest;;Spray 3 - Spreader;$0.63 ;;Spreader 4 oz./acre * $20/gal * 2 sprays;http://publications.dyson.cornell.edu/outreach/extensionpdf/2014/Cornell-Dyson-eb1401.pdf;1363
15;Mixed Fruits & Vegetables;Grapes (Conventional);21;;Preharvest;;Spray 3 - Spreader;$0.63 ;;Spreader 4 oz./acre * $20/gal * 2 sprays;http://publications.dyson.cornell.edu/outreach/extensionpdf/2014/Cornell-Dyson-eb1401.pdf;1364
15;Mixed Fruits & Vegetables;Grapes (Conventional);22;;Preharvest;;Spray 3 - Spreader;$0.63 ;;Spreader 4 oz./acre * $20/gal * 2 sprays;http://publications.dyson.cornell.edu/outreach/extensionpdf/2014/Cornell-Dyson-eb1401.pdf;1365
15;Mixed Fruits & Vegetables;Grapes (Conventional);4;;Preharvest;;Spray 3 - Skilled Labor Costs;$12.00 ;;0.6 hours * $20/hour * 1 spray;;1366
15;Mixed Fruits & Vegetables;Grapes (Conventional);5;;Preharvest;;Spray 3 - Skilled Labor Costs;$12.00 ;;0.6 hours * $20/hour * 1 spray;;1367
15;Mixed Fruits & Vegetables;Grapes (Conventional);6;;Preharvest;;Spray 3 - Skilled Labor Costs;$12.00 ;;0.6 hours * $20/hour * 1 spray;;1368
15;Mixed Fruits & Vegetables;Grapes (Conventional);7;;Preharvest;;Spray 3 - Skilled Labor Costs;$12.00 ;;0.6 hours * $20/hour * 1 spray;;1369
15;Mixed Fruits & Vegetables;Grapes (Conventional);8;;Preharvest;;Spray 3 - Skilled Labor Costs;$12.00 ;;0.6 hours * $20/hour * 1 spray;;1370
15;Mixed Fruits & Vegetables;Grapes (Conventional);9;;Preharvest;;Spray 3 - Skilled Labor Costs;$12.00 ;;0.6 hours * $20/hour * 1 spray;;1371
15;Mixed Fruits & Vegetables;Grapes (Conventional);10;;Preharvest;;Spray 3 - Skilled Labor Costs;$12.00 ;;0.6 hours * $20/hour * 1 spray;;1372
15;Mixed Fruits & Vegetables;Grapes (Conventional);11;;Preharvest;;Spray 3 - Skilled Labor Costs;$12.00 ;;0.6 hours * $20/hour * 1 spray;;1373
15;Mixed Fruits & Vegetables;Grapes (Conventional);12;;Preharvest;;Spray 3 - Skilled Labor Costs;$12.00 ;;0.6 hours * $20/hour * 1 spray;;1374
15;Mixed Fruits & Vegetables;Grapes (Conventional);13;;Preharvest;;Spray 3 - Skilled Labor Costs;$12.00 ;;0.6 hours * $20/hour * 1 spray;;1375
15;Mixed Fruits & Vegetables;Grapes (Conventional);14;;Preharvest;;Spray 3 - Skilled Labor Costs;$12.00 ;;0.6 hours * $20/hour * 1 spray;;1376
15;Mixed Fruits & Vegetables;Grapes (Conventional);15;;Preharvest;;Spray 3 - Skilled Labor Costs;$12.00 ;;0.6 hours * $20/hour * 1 spray;;1377
15;Mixed Fruits & Vegetables;Grapes (Conventional);16;;Preharvest;;Spray 3 - Skilled Labor Costs;$12.00 ;;0.6 hours * $20/hour * 1 spray;;1378
15;Mixed Fruits & Vegetables;Grapes (Conventional);17;;Preharvest;;Spray 3 - Skilled Labor Costs;$12.00 ;;0.6 hours * $20/hour * 1 spray;;1379
15;Mixed Fruits & Vegetables;Grapes (Conventional);18;;Preharvest;;Spray 3 - Skilled Labor Costs;$12.00 ;;0.6 hours * $20/hour * 1 spray;;1380
15;Mixed Fruits & Vegetables;Grapes (Conventional);19;;Preharvest;;Spray 3 - Skilled Labor Costs;$12.00 ;;0.6 hours * $20/hour * 1 spray;;1381
15;Mixed Fruits & Vegetables;Grapes (Conventional);20;;Preharvest;;Spray 3 - Skilled Labor Costs;$12.00 ;;0.6 hours * $20/hour * 1 spray;;1382
15;Mixed Fruits & Vegetables;Grapes (Conventional);21;;Preharvest;;Spray 3 - Skilled Labor Costs;$12.00 ;;0.6 hours * $20/hour * 1 spray;;1383
15;Mixed Fruits & Vegetables;Grapes (Conventional);22;;Preharvest;;Spray 3 - Skilled Labor Costs;$12.00 ;;0.6 hours * $20/hour * 1 spray;;1384
15;Mixed Fruits & Vegetables;Grapes (Conventional);4;;Preharvest;;Spray 3 - Equipment Costs;$13.97 ;;??? $13.97 * 1 spray ???;;1385
15;Mixed Fruits & Vegetables;Grapes (Conventional);5;;Preharvest;;Spray 3 - Equipment Costs;$13.97 ;;??? $13.97 * 1 spray ???;;1386
15;Mixed Fruits & Vegetables;Grapes (Conventional);6;;Preharvest;;Spray 3 - Equipment Costs;$13.97 ;;??? $13.97 * 1 spray ???;;1387
15;Mixed Fruits & Vegetables;Grapes (Conventional);7;;Preharvest;;Spray 3 - Equipment Costs;$13.97 ;;??? $13.97 * 1 spray ???;;1388
15;Mixed Fruits & Vegetables;Grapes (Conventional);8;;Preharvest;;Spray 3 - Equipment Costs;$13.97 ;;??? $13.97 * 1 spray ???;;1389
15;Mixed Fruits & Vegetables;Grapes (Conventional);9;;Preharvest;;Spray 3 - Equipment Costs;$13.97 ;;??? $13.97 * 1 spray ???;;1390
15;Mixed Fruits & Vegetables;Grapes (Conventional);10;;Preharvest;;Spray 3 - Equipment Costs;$13.97 ;;??? $13.97 * 1 spray ???;;1391
15;Mixed Fruits & Vegetables;Grapes (Conventional);11;;Preharvest;;Spray 3 - Equipment Costs;$13.97 ;;??? $13.97 * 1 spray ???;;1392
15;Mixed Fruits & Vegetables;Grapes (Conventional);12;;Preharvest;;Spray 3 - Equipment Costs;$13.97 ;;??? $13.97 * 1 spray ???;;1393
15;Mixed Fruits & Vegetables;Grapes (Conventional);13;;Preharvest;;Spray 3 - Equipment Costs;$13.97 ;;??? $13.97 * 1 spray ???;;1394
15;Mixed Fruits & Vegetables;Grapes (Conventional);14;;Preharvest;;Spray 3 - Equipment Costs;$13.97 ;;??? $13.97 * 1 spray ???;;1395
15;Mixed Fruits & Vegetables;Grapes (Conventional);15;;Preharvest;;Spray 3 - Equipment Costs;$13.97 ;;??? $13.97 * 1 spray ???;;1396
15;Mixed Fruits & Vegetables;Grapes (Conventional);16;;Preharvest;;Spray 3 - Equipment Costs;$13.97 ;;??? $13.97 * 1 spray ???;;1397
15;Mixed Fruits & Vegetables;Grapes (Conventional);17;;Preharvest;;Spray 3 - Equipment Costs;$13.97 ;;??? $13.97 * 1 spray ???;;1398
15;Mixed Fruits & Vegetables;Grapes (Conventional);18;;Preharvest;;Spray 3 - Equipment Costs;$13.97 ;;??? $13.97 * 1 spray ???;;1399
15;Mixed Fruits & Vegetables;Grapes (Conventional);19;;Preharvest;;Spray 3 - Equipment Costs;$13.97 ;;??? $13.97 * 1 spray ???;;1400
15;Mixed Fruits & Vegetables;Grapes (Conventional);20;;Preharvest;;Spray 3 - Equipment Costs;$13.97 ;;??? $13.97 * 1 spray ???;;1401
15;Mixed Fruits & Vegetables;Grapes (Conventional);21;;Preharvest;;Spray 3 - Equipment Costs;$13.97 ;;??? $13.97 * 1 spray ???;;1402
15;Mixed Fruits & Vegetables;Grapes (Conventional);22;;Preharvest;;Spray 3 - Equipment Costs;$13.97 ;;??? $13.97 * 1 spray ???;;1403
15;Mixed Fruits & Vegetables;Grapes (Conventional);4;;Preharvest;;Spray 4 - Revus Top;$16.38 ;;Revus Top 7 oz/acre * $2.34/oz * 1 spray;http://publications.dyson.cornell.edu/outreach/extensionpdf/2014/Cornell-Dyson-eb1401.pdf;1404
15;Mixed Fruits & Vegetables;Grapes (Conventional);5;;Preharvest;;Spray 4 - Revus Top;$16.38 ;;Revus Top 7 oz/acre * $2.34/oz * 1 spray;http://publications.dyson.cornell.edu/outreach/extensionpdf/2014/Cornell-Dyson-eb1401.pdf;1405
15;Mixed Fruits & Vegetables;Grapes (Conventional);6;;Preharvest;;Spray 4 - Revus Top;$16.38 ;;Revus Top 7 oz/acre * $2.34/oz * 1 spray;http://publications.dyson.cornell.edu/outreach/extensionpdf/2014/Cornell-Dyson-eb1401.pdf;1406
15;Mixed Fruits & Vegetables;Grapes (Conventional);7;;Preharvest;;Spray 4 - Revus Top;$16.38 ;;Revus Top 7 oz/acre * $2.34/oz * 1 spray;http://publications.dyson.cornell.edu/outreach/extensionpdf/2014/Cornell-Dyson-eb1401.pdf;1407
15;Mixed Fruits & Vegetables;Grapes (Conventional);8;;Preharvest;;Spray 4 - Revus Top;$16.38 ;;Revus Top 7 oz/acre * $2.34/oz * 1 spray;http://publications.dyson.cornell.edu/outreach/extensionpdf/2014/Cornell-Dyson-eb1401.pdf;1408
15;Mixed Fruits & Vegetables;Grapes (Conventional);9;;Preharvest;;Spray 4 - Revus Top;$16.38 ;;Revus Top 7 oz/acre * $2.34/oz * 1 spray;http://publications.dyson.cornell.edu/outreach/extensionpdf/2014/Cornell-Dyson-eb1401.pdf;1409
15;Mixed Fruits & Vegetables;Grapes (Conventional);10;;Preharvest;;Spray 4 - Revus Top;$16.38 ;;Revus Top 7 oz/acre * $2.34/oz * 1 spray;http://publications.dyson.cornell.edu/outreach/extensionpdf/2014/Cornell-Dyson-eb1401.pdf;1410
15;Mixed Fruits & Vegetables;Grapes (Conventional);11;;Preharvest;;Spray 4 - Revus Top;$16.38 ;;Revus Top 7 oz/acre * $2.34/oz * 1 spray;http://publications.dyson.cornell.edu/outreach/extensionpdf/2014/Cornell-Dyson-eb1401.pdf;1411
15;Mixed Fruits & Vegetables;Grapes (Conventional);12;;Preharvest;;Spray 4 - Revus Top;$16.38 ;;Revus Top 7 oz/acre * $2.34/oz * 1 spray;http://publications.dyson.cornell.edu/outreach/extensionpdf/2014/Cornell-Dyson-eb1401.pdf;1412
15;Mixed Fruits & Vegetables;Grapes (Conventional);13;;Preharvest;;Spray 4 - Revus Top;$16.38 ;;Revus Top 7 oz/acre * $2.34/oz * 1 spray;http://publications.dyson.cornell.edu/outreach/extensionpdf/2014/Cornell-Dyson-eb1401.pdf;1413
15;Mixed Fruits & Vegetables;Grapes (Conventional);14;;Preharvest;;Spray 4 - Revus Top;$16.38 ;;Revus Top 7 oz/acre * $2.34/oz * 1 spray;http://publications.dyson.cornell.edu/outreach/extensionpdf/2014/Cornell-Dyson-eb1401.pdf;1414
15;Mixed Fruits & Vegetables;Grapes (Conventional);15;;Preharvest;;Spray 4 - Revus Top;$16.38 ;;Revus Top 7 oz/acre * $2.34/oz * 1 spray;http://publications.dyson.cornell.edu/outreach/extensionpdf/2014/Cornell-Dyson-eb1401.pdf;1415
15;Mixed Fruits & Vegetables;Grapes (Conventional);16;;Preharvest;;Spray 4 - Revus Top;$16.38 ;;Revus Top 7 oz/acre * $2.34/oz * 1 spray;http://publications.dyson.cornell.edu/outreach/extensionpdf/2014/Cornell-Dyson-eb1401.pdf;1416
15;Mixed Fruits & Vegetables;Grapes (Conventional);17;;Preharvest;;Spray 4 - Revus Top;$16.38 ;;Revus Top 7 oz/acre * $2.34/oz * 1 spray;http://publications.dyson.cornell.edu/outreach/extensionpdf/2014/Cornell-Dyson-eb1401.pdf;1417
15;Mixed Fruits & Vegetables;Grapes (Conventional);18;;Preharvest;;Spray 4 - Revus Top;$16.38 ;;Revus Top 7 oz/acre * $2.34/oz * 1 spray;http://publications.dyson.cornell.edu/outreach/extensionpdf/2014/Cornell-Dyson-eb1401.pdf;1418
15;Mixed Fruits & Vegetables;Grapes (Conventional);19;;Preharvest;;Spray 4 - Revus Top;$16.38 ;;Revus Top 7 oz/acre * $2.34/oz * 1 spray;http://publications.dyson.cornell.edu/outreach/extensionpdf/2014/Cornell-Dyson-eb1401.pdf;1419
15;Mixed Fruits & Vegetables;Grapes (Conventional);20;;Preharvest;;Spray 4 - Revus Top;$16.38 ;;Revus Top 7 oz/acre * $2.34/oz * 1 spray;http://publications.dyson.cornell.edu/outreach/extensionpdf/2014/Cornell-Dyson-eb1401.pdf;1420
15;Mixed Fruits & Vegetables;Grapes (Conventional);21;;Preharvest;;Spray 4 - Revus Top;$16.38 ;;Revus Top 7 oz/acre * $2.34/oz * 1 spray;http://publications.dyson.cornell.edu/outreach/extensionpdf/2014/Cornell-Dyson-eb1401.pdf;1421
15;Mixed Fruits & Vegetables;Grapes (Conventional);22;;Preharvest;;Spray 4 - Revus Top;$16.38 ;;Revus Top 7 oz/acre * $2.34/oz * 1 spray;http://publications.dyson.cornell.edu/outreach/extensionpdf/2014/Cornell-Dyson-eb1401.pdf;1422
15;Mixed Fruits & Vegetables;Grapes (Conventional);4;;Preharvest;;Spray 4 - Sulfur;$2.00 ;;Sulfur 5 lbs/acre * $0.50/lb * 1 spray;http://publications.dyson.cornell.edu/outreach/extensionpdf/2014/Cornell-Dyson-eb1401.pdf;1423
15;Mixed Fruits & Vegetables;Grapes (Conventional);5;;Preharvest;;Spray 4 - Sulfur;$2.00 ;;Sulfur 5 lbs/acre * $0.50/lb * 1 spray;http://publications.dyson.cornell.edu/outreach/extensionpdf/2014/Cornell-Dyson-eb1401.pdf;1424
15;Mixed Fruits & Vegetables;Grapes (Conventional);6;;Preharvest;;Spray 4 - Sulfur;$2.00 ;;Sulfur 5 lbs/acre * $0.50/lb * 1 spray;http://publications.dyson.cornell.edu/outreach/extensionpdf/2014/Cornell-Dyson-eb1401.pdf;1425
15;Mixed Fruits & Vegetables;Grapes (Conventional);7;;Preharvest;;Spray 4 - Sulfur;$2.00 ;;Sulfur 5 lbs/acre * $0.50/lb * 1 spray;http://publications.dyson.cornell.edu/outreach/extensionpdf/2014/Cornell-Dyson-eb1401.pdf;1426
15;Mixed Fruits & Vegetables;Grapes (Conventional);8;;Preharvest;;Spray 4 - Sulfur;$2.00 ;;Sulfur 5 lbs/acre * $0.50/lb * 1 spray;http://publications.dyson.cornell.edu/outreach/extensionpdf/2014/Cornell-Dyson-eb1401.pdf;1427
15;Mixed Fruits & Vegetables;Grapes (Conventional);9;;Preharvest;;Spray 4 - Sulfur;$2.00 ;;Sulfur 5 lbs/acre * $0.50/lb * 1 spray;http://publications.dyson.cornell.edu/outreach/extensionpdf/2014/Cornell-Dyson-eb1401.pdf;1428
15;Mixed Fruits & Vegetables;Grapes (Conventional);10;;Preharvest;;Spray 4 - Sulfur;$2.00 ;;Sulfur 5 lbs/acre * $0.50/lb * 1 spray;http://publications.dyson.cornell.edu/outreach/extensionpdf/2014/Cornell-Dyson-eb1401.pdf;1429
15;Mixed Fruits & Vegetables;Grapes (Conventional);11;;Preharvest;;Spray 4 - Sulfur;$2.00 ;;Sulfur 5 lbs/acre * $0.50/lb * 1 spray;http://publications.dyson.cornell.edu/outreach/extensionpdf/2014/Cornell-Dyson-eb1401.pdf;1430
15;Mixed Fruits & Vegetables;Grapes (Conventional);12;;Preharvest;;Spray 4 - Sulfur;$2.00 ;;Sulfur 5 lbs/acre * $0.50/lb * 1 spray;http://publications.dyson.cornell.edu/outreach/extensionpdf/2014/Cornell-Dyson-eb1401.pdf;1431
15;Mixed Fruits & Vegetables;Grapes (Conventional);13;;Preharvest;;Spray 4 - Sulfur;$2.00 ;;Sulfur 5 lbs/acre * $0.50/lb * 1 spray;http://publications.dyson.cornell.edu/outreach/extensionpdf/2014/Cornell-Dyson-eb1401.pdf;1432
15;Mixed Fruits & Vegetables;Grapes (Conventional);14;;Preharvest;;Spray 4 - Sulfur;$2.00 ;;Sulfur 5 lbs/acre * $0.50/lb * 1 spray;http://publications.dyson.cornell.edu/outreach/extensionpdf/2014/Cornell-Dyson-eb1401.pdf;1433
15;Mixed Fruits & Vegetables;Grapes (Conventional);15;;Preharvest;;Spray 4 - Sulfur;$2.00 ;;Sulfur 5 lbs/acre * $0.50/lb * 1 spray;http://publications.dyson.cornell.edu/outreach/extensionpdf/2014/Cornell-Dyson-eb1401.pdf;1434
15;Mixed Fruits & Vegetables;Grapes (Conventional);16;;Preharvest;;Spray 4 - Sulfur;$2.00 ;;Sulfur 5 lbs/acre * $0.50/lb * 1 spray;http://publications.dyson.cornell.edu/outreach/extensionpdf/2014/Cornell-Dyson-eb1401.pdf;1435
15;Mixed Fruits & Vegetables;Grapes (Conventional);17;;Preharvest;;Spray 4 - Sulfur;$2.00 ;;Sulfur 5 lbs/acre * $0.50/lb * 1 spray;http://publications.dyson.cornell.edu/outreach/extensionpdf/2014/Cornell-Dyson-eb1401.pdf;1436
15;Mixed Fruits & Vegetables;Grapes (Conventional);18;;Preharvest;;Spray 4 - Sulfur;$2.00 ;;Sulfur 5 lbs/acre * $0.50/lb * 1 spray;http://publications.dyson.cornell.edu/outreach/extensionpdf/2014/Cornell-Dyson-eb1401.pdf;1437
15;Mixed Fruits & Vegetables;Grapes (Conventional);19;;Preharvest;;Spray 4 - Sulfur;$2.00 ;;Sulfur 5 lbs/acre * $0.50/lb * 1 spray;http://publications.dyson.cornell.edu/outreach/extensionpdf/2014/Cornell-Dyson-eb1401.pdf;1438
15;Mixed Fruits & Vegetables;Grapes (Conventional);20;;Preharvest;;Spray 4 - Sulfur;$2.00 ;;Sulfur 5 lbs/acre * $0.50/lb * 1 spray;http://publications.dyson.cornell.edu/outreach/extensionpdf/2014/Cornell-Dyson-eb1401.pdf;1439
15;Mixed Fruits & Vegetables;Grapes (Conventional);21;;Preharvest;;Spray 4 - Sulfur;$2.00 ;;Sulfur 5 lbs/acre * $0.50/lb * 1 spray;http://publications.dyson.cornell.edu/outreach/extensionpdf/2014/Cornell-Dyson-eb1401.pdf;1440
15;Mixed Fruits & Vegetables;Grapes (Conventional);22;;Preharvest;;Spray 4 - Sulfur;$2.00 ;;Sulfur 5 lbs/acre * $0.50/lb * 1 spray;http://publications.dyson.cornell.edu/outreach/extensionpdf/2014/Cornell-Dyson-eb1401.pdf;1441
15;Mixed Fruits & Vegetables;Grapes (Conventional);4;;Preharvest;;Spray 4 - Spreader;$0.63 ;;Spreader 4 oz./acre * $20/gal * 1 spray;http://publications.dyson.cornell.edu/outreach/extensionpdf/2014/Cornell-Dyson-eb1401.pdf;1442
15;Mixed Fruits & Vegetables;Grapes (Conventional);5;;Preharvest;;Spray 4 - Spreader;$0.63 ;;Spreader 4 oz./acre * $20/gal * 1 spray;http://publications.dyson.cornell.edu/outreach/extensionpdf/2014/Cornell-Dyson-eb1401.pdf;1443
15;Mixed Fruits & Vegetables;Grapes (Conventional);6;;Preharvest;;Spray 4 - Spreader;$0.63 ;;Spreader 4 oz./acre * $20/gal * 1 spray;http://publications.dyson.cornell.edu/outreach/extensionpdf/2014/Cornell-Dyson-eb1401.pdf;1444
15;Mixed Fruits & Vegetables;Grapes (Conventional);7;;Preharvest;;Spray 4 - Spreader;$0.63 ;;Spreader 4 oz./acre * $20/gal * 1 spray;http://publications.dyson.cornell.edu/outreach/extensionpdf/2014/Cornell-Dyson-eb1401.pdf;1445
15;Mixed Fruits & Vegetables;Grapes (Conventional);8;;Preharvest;;Spray 4 - Spreader;$0.63 ;;Spreader 4 oz./acre * $20/gal * 1 spray;http://publications.dyson.cornell.edu/outreach/extensionpdf/2014/Cornell-Dyson-eb1401.pdf;1446
15;Mixed Fruits & Vegetables;Grapes (Conventional);9;;Preharvest;;Spray 4 - Spreader;$0.63 ;;Spreader 4 oz./acre * $20/gal * 1 spray;http://publications.dyson.cornell.edu/outreach/extensionpdf/2014/Cornell-Dyson-eb1401.pdf;1447
15;Mixed Fruits & Vegetables;Grapes (Conventional);10;;Preharvest;;Spray 4 - Spreader;$0.63 ;;Spreader 4 oz./acre * $20/gal * 1 spray;http://publications.dyson.cornell.edu/outreach/extensionpdf/2014/Cornell-Dyson-eb1401.pdf;1448
15;Mixed Fruits & Vegetables;Grapes (Conventional);11;;Preharvest;;Spray 4 - Spreader;$0.63 ;;Spreader 4 oz./acre * $20/gal * 1 spray;http://publications.dyson.cornell.edu/outreach/extensionpdf/2014/Cornell-Dyson-eb1401.pdf;1449
15;Mixed Fruits & Vegetables;Grapes (Conventional);12;;Preharvest;;Spray 4 - Spreader;$0.63 ;;Spreader 4 oz./acre * $20/gal * 1 spray;http://publications.dyson.cornell.edu/outreach/extensionpdf/2014/Cornell-Dyson-eb1401.pdf;1450
15;Mixed Fruits & Vegetables;Grapes (Conventional);13;;Preharvest;;Spray 4 - Spreader;$0.63 ;;Spreader 4 oz./acre * $20/gal * 1 spray;http://publications.dyson.cornell.edu/outreach/extensionpdf/2014/Cornell-Dyson-eb1401.pdf;1451
15;Mixed Fruits & Vegetables;Grapes (Conventional);14;;Preharvest;;Spray 4 - Spreader;$0.63 ;;Spreader 4 oz./acre * $20/gal * 1 spray;http://publications.dyson.cornell.edu/outreach/extensionpdf/2014/Cornell-Dyson-eb1401.pdf;1452
15;Mixed Fruits & Vegetables;Grapes (Conventional);15;;Preharvest;;Spray 4 - Spreader;$0.63 ;;Spreader 4 oz./acre * $20/gal * 1 spray;http://publications.dyson.cornell.edu/outreach/extensionpdf/2014/Cornell-Dyson-eb1401.pdf;1453
15;Mixed Fruits & Vegetables;Grapes (Conventional);16;;Preharvest;;Spray 4 - Spreader;$0.63 ;;Spreader 4 oz./acre * $20/gal * 1 spray;http://publications.dyson.cornell.edu/outreach/extensionpdf/2014/Cornell-Dyson-eb1401.pdf;1454
15;Mixed Fruits & Vegetables;Grapes (Conventional);17;;Preharvest;;Spray 4 - Spreader;$0.63 ;;Spreader 4 oz./acre * $20/gal * 1 spray;http://publications.dyson.cornell.edu/outreach/extensionpdf/2014/Cornell-Dyson-eb1401.pdf;1455
15;Mixed Fruits & Vegetables;Grapes (Conventional);18;;Preharvest;;Spray 4 - Spreader;$0.63 ;;Spreader 4 oz./acre * $20/gal * 1 spray;http://publications.dyson.cornell.edu/outreach/extensionpdf/2014/Cornell-Dyson-eb1401.pdf;1456
15;Mixed Fruits & Vegetables;Grapes (Conventional);19;;Preharvest;;Spray 4 - Spreader;$0.63 ;;Spreader 4 oz./acre * $20/gal * 1 spray;http://publications.dyson.cornell.edu/outreach/extensionpdf/2014/Cornell-Dyson-eb1401.pdf;1457
15;Mixed Fruits & Vegetables;Grapes (Conventional);20;;Preharvest;;Spray 4 - Spreader;$0.63 ;;Spreader 4 oz./acre * $20/gal * 1 spray;http://publications.dyson.cornell.edu/outreach/extensionpdf/2014/Cornell-Dyson-eb1401.pdf;1458
15;Mixed Fruits & Vegetables;Grapes (Conventional);21;;Preharvest;;Spray 4 - Spreader;$0.63 ;;Spreader 4 oz./acre * $20/gal * 1 spray;http://publications.dyson.cornell.edu/outreach/extensionpdf/2014/Cornell-Dyson-eb1401.pdf;1459
15;Mixed Fruits & Vegetables;Grapes (Conventional);22;;Preharvest;;Spray 4 - Spreader;$0.63 ;;Spreader 4 oz./acre * $20/gal * 1 spray;http://publications.dyson.cornell.edu/outreach/extensionpdf/2014/Cornell-Dyson-eb1401.pdf;1460
15;Mixed Fruits & Vegetables;Grapes (Conventional);4;;Preharvest;;Spray 4 - Skilled Labor Costs;$12.00 ;;0.6 hours * $20/hour * 1 spray;;1461
15;Mixed Fruits & Vegetables;Grapes (Conventional);5;;Preharvest;;Spray 4 - Skilled Labor Costs;$12.00 ;;0.6 hours * $20/hour * 1 spray;;1462
15;Mixed Fruits & Vegetables;Grapes (Conventional);6;;Preharvest;;Spray 4 - Skilled Labor Costs;$12.00 ;;0.6 hours * $20/hour * 1 spray;;1463
15;Mixed Fruits & Vegetables;Grapes (Conventional);7;;Preharvest;;Spray 4 - Skilled Labor Costs;$12.00 ;;0.6 hours * $20/hour * 1 spray;;1464
15;Mixed Fruits & Vegetables;Grapes (Conventional);8;;Preharvest;;Spray 4 - Skilled Labor Costs;$12.00 ;;0.6 hours * $20/hour * 1 spray;;1465
15;Mixed Fruits & Vegetables;Grapes (Conventional);9;;Preharvest;;Spray 4 - Skilled Labor Costs;$12.00 ;;0.6 hours * $20/hour * 1 spray;;1466
15;Mixed Fruits & Vegetables;Grapes (Conventional);10;;Preharvest;;Spray 4 - Skilled Labor Costs;$12.00 ;;0.6 hours * $20/hour * 1 spray;;1467
15;Mixed Fruits & Vegetables;Grapes (Conventional);11;;Preharvest;;Spray 4 - Skilled Labor Costs;$12.00 ;;0.6 hours * $20/hour * 1 spray;;1468
15;Mixed Fruits & Vegetables;Grapes (Conventional);12;;Preharvest;;Spray 4 - Skilled Labor Costs;$12.00 ;;0.6 hours * $20/hour * 1 spray;;1469
15;Mixed Fruits & Vegetables;Grapes (Conventional);13;;Preharvest;;Spray 4 - Skilled Labor Costs;$12.00 ;;0.6 hours * $20/hour * 1 spray;;1470
15;Mixed Fruits & Vegetables;Grapes (Conventional);14;;Preharvest;;Spray 4 - Skilled Labor Costs;$12.00 ;;0.6 hours * $20/hour * 1 spray;;1471
15;Mixed Fruits & Vegetables;Grapes (Conventional);15;;Preharvest;;Spray 4 - Skilled Labor Costs;$12.00 ;;0.6 hours * $20/hour * 1 spray;;1472
15;Mixed Fruits & Vegetables;Grapes (Conventional);16;;Preharvest;;Spray 4 - Skilled Labor Costs;$12.00 ;;0.6 hours * $20/hour * 1 spray;;1473
15;Mixed Fruits & Vegetables;Grapes (Conventional);17;;Preharvest;;Spray 4 - Skilled Labor Costs;$12.00 ;;0.6 hours * $20/hour * 1 spray;;1474
15;Mixed Fruits & Vegetables;Grapes (Conventional);18;;Preharvest;;Spray 4 - Skilled Labor Costs;$12.00 ;;0.6 hours * $20/hour * 1 spray;;1475
15;Mixed Fruits & Vegetables;Grapes (Conventional);19;;Preharvest;;Spray 4 - Skilled Labor Costs;$12.00 ;;0.6 hours * $20/hour * 1 spray;;1476
15;Mixed Fruits & Vegetables;Grapes (Conventional);20;;Preharvest;;Spray 4 - Skilled Labor Costs;$12.00 ;;0.6 hours * $20/hour * 1 spray;;1477
15;Mixed Fruits & Vegetables;Grapes (Conventional);21;;Preharvest;;Spray 4 - Skilled Labor Costs;$12.00 ;;0.6 hours * $20/hour * 1 spray;;1478
15;Mixed Fruits & Vegetables;Grapes (Conventional);22;;Preharvest;;Spray 4 - Skilled Labor Costs;$12.00 ;;0.6 hours * $20/hour * 1 spray;;1479
15;Mixed Fruits & Vegetables;Grapes (Conventional);4;;Preharvest;;Spray 4 - Equipment Costs;$13.97 ;;??? $13.97 * 1 spray ???;;1480
15;Mixed Fruits & Vegetables;Grapes (Conventional);5;;Preharvest;;Spray 4 - Equipment Costs;$13.97 ;;??? $13.97 * 1 spray ???;;1481
15;Mixed Fruits & Vegetables;Grapes (Conventional);6;;Preharvest;;Spray 4 - Equipment Costs;$13.97 ;;??? $13.97 * 1 spray ???;;1482
15;Mixed Fruits & Vegetables;Grapes (Conventional);7;;Preharvest;;Spray 4 - Equipment Costs;$13.97 ;;??? $13.97 * 1 spray ???;;1483
15;Mixed Fruits & Vegetables;Grapes (Conventional);8;;Preharvest;;Spray 4 - Equipment Costs;$13.97 ;;??? $13.97 * 1 spray ???;;1484
15;Mixed Fruits & Vegetables;Grapes (Conventional);9;;Preharvest;;Spray 4 - Equipment Costs;$13.97 ;;??? $13.97 * 1 spray ???;;1485
15;Mixed Fruits & Vegetables;Grapes (Conventional);10;;Preharvest;;Spray 4 - Equipment Costs;$13.97 ;;??? $13.97 * 1 spray ???;;1486
15;Mixed Fruits & Vegetables;Grapes (Conventional);11;;Preharvest;;Spray 4 - Equipment Costs;$13.97 ;;??? $13.97 * 1 spray ???;;1487
15;Mixed Fruits & Vegetables;Grapes (Conventional);12;;Preharvest;;Spray 4 - Equipment Costs;$13.97 ;;??? $13.97 * 1 spray ???;;1488
15;Mixed Fruits & Vegetables;Grapes (Conventional);13;;Preharvest;;Spray 4 - Equipment Costs;$13.97 ;;??? $13.97 * 1 spray ???;;1489
15;Mixed Fruits & Vegetables;Grapes (Conventional);14;;Preharvest;;Spray 4 - Equipment Costs;$13.97 ;;??? $13.97 * 1 spray ???;;1490
15;Mixed Fruits & Vegetables;Grapes (Conventional);15;;Preharvest;;Spray 4 - Equipment Costs;$13.97 ;;??? $13.97 * 1 spray ???;;1491
15;Mixed Fruits & Vegetables;Grapes (Conventional);16;;Preharvest;;Spray 4 - Equipment Costs;$13.97 ;;??? $13.97 * 1 spray ???;;1492
15;Mixed Fruits & Vegetables;Grapes (Conventional);17;;Preharvest;;Spray 4 - Equipment Costs;$13.97 ;;??? $13.97 * 1 spray ???;;1493
15;Mixed Fruits & Vegetables;Grapes (Conventional);18;;Preharvest;;Spray 4 - Equipment Costs;$13.97 ;;??? $13.97 * 1 spray ???;;1494
15;Mixed Fruits & Vegetables;Grapes (Conventional);19;;Preharvest;;Spray 4 - Equipment Costs;$13.97 ;;??? $13.97 * 1 spray ???;;1495
15;Mixed Fruits & Vegetables;Grapes (Conventional);20;;Preharvest;;Spray 4 - Equipment Costs;$13.97 ;;??? $13.97 * 1 spray ???;;1496
15;Mixed Fruits & Vegetables;Grapes (Conventional);21;;Preharvest;;Spray 4 - Equipment Costs;$13.97 ;;??? $13.97 * 1 spray ???;;1497
15;Mixed Fruits & Vegetables;Grapes (Conventional);22;;Preharvest;;Spray 4 - Equipment Costs;$13.97 ;;??? $13.97 * 1 spray ???;;1498
15;Mixed Fruits & Vegetables;Grapes (Conventional);4;;Preharvest;;Spray 5 - Vivando;$18.80 ;;Vivando 10 oz/acre * $1.88/oz * 1 spray;http://publications.dyson.cornell.edu/outreach/extensionpdf/2014/Cornell-Dyson-eb1401.pdf;1499
15;Mixed Fruits & Vegetables;Grapes (Conventional);5;;Preharvest;;Spray 5 - Vivando;$18.80 ;;Vivando 10 oz/acre * $1.88/oz * 1 spray;http://publications.dyson.cornell.edu/outreach/extensionpdf/2014/Cornell-Dyson-eb1401.pdf;1500
15;Mixed Fruits & Vegetables;Grapes (Conventional);6;;Preharvest;;Spray 5 - Vivando;$18.80 ;;Vivando 10 oz/acre * $1.88/oz * 1 spray;http://publications.dyson.cornell.edu/outreach/extensionpdf/2014/Cornell-Dyson-eb1401.pdf;1501
15;Mixed Fruits & Vegetables;Grapes (Conventional);7;;Preharvest;;Spray 5 - Vivando;$18.80 ;;Vivando 10 oz/acre * $1.88/oz * 1 spray;http://publications.dyson.cornell.edu/outreach/extensionpdf/2014/Cornell-Dyson-eb1401.pdf;1502
15;Mixed Fruits & Vegetables;Grapes (Conventional);8;;Preharvest;;Spray 5 - Vivando;$18.80 ;;Vivando 10 oz/acre * $1.88/oz * 1 spray;http://publications.dyson.cornell.edu/outreach/extensionpdf/2014/Cornell-Dyson-eb1401.pdf;1503
15;Mixed Fruits & Vegetables;Grapes (Conventional);9;;Preharvest;;Spray 5 - Vivando;$18.80 ;;Vivando 10 oz/acre * $1.88/oz * 1 spray;http://publications.dyson.cornell.edu/outreach/extensionpdf/2014/Cornell-Dyson-eb1401.pdf;1504
15;Mixed Fruits & Vegetables;Grapes (Conventional);10;;Preharvest;;Spray 5 - Vivando;$18.80 ;;Vivando 10 oz/acre * $1.88/oz * 1 spray;http://publications.dyson.cornell.edu/outreach/extensionpdf/2014/Cornell-Dyson-eb1401.pdf;1505
15;Mixed Fruits & Vegetables;Grapes (Conventional);11;;Preharvest;;Spray 5 - Vivando;$18.80 ;;Vivando 10 oz/acre * $1.88/oz * 1 spray;http://publications.dyson.cornell.edu/outreach/extensionpdf/2014/Cornell-Dyson-eb1401.pdf;1506
15;Mixed Fruits & Vegetables;Grapes (Conventional);12;;Preharvest;;Spray 5 - Vivando;$18.80 ;;Vivando 10 oz/acre * $1.88/oz * 1 spray;http://publications.dyson.cornell.edu/outreach/extensionpdf/2014/Cornell-Dyson-eb1401.pdf;1507
15;Mixed Fruits & Vegetables;Grapes (Conventional);13;;Preharvest;;Spray 5 - Vivando;$18.80 ;;Vivando 10 oz/acre * $1.88/oz * 1 spray;http://publications.dyson.cornell.edu/outreach/extensionpdf/2014/Cornell-Dyson-eb1401.pdf;1508
15;Mixed Fruits & Vegetables;Grapes (Conventional);14;;Preharvest;;Spray 5 - Vivando;$18.80 ;;Vivando 10 oz/acre * $1.88/oz * 1 spray;http://publications.dyson.cornell.edu/outreach/extensionpdf/2014/Cornell-Dyson-eb1401.pdf;1509
15;Mixed Fruits & Vegetables;Grapes (Conventional);15;;Preharvest;;Spray 5 - Vivando;$18.80 ;;Vivando 10 oz/acre * $1.88/oz * 1 spray;http://publications.dyson.cornell.edu/outreach/extensionpdf/2014/Cornell-Dyson-eb1401.pdf;1510
15;Mixed Fruits & Vegetables;Grapes (Conventional);16;;Preharvest;;Spray 5 - Vivando;$18.80 ;;Vivando 10 oz/acre * $1.88/oz * 1 spray;http://publications.dyson.cornell.edu/outreach/extensionpdf/2014/Cornell-Dyson-eb1401.pdf;1511
15;Mixed Fruits & Vegetables;Grapes (Conventional);17;;Preharvest;;Spray 5 - Vivando;$18.80 ;;Vivando 10 oz/acre * $1.88/oz * 1 spray;http://publications.dyson.cornell.edu/outreach/extensionpdf/2014/Cornell-Dyson-eb1401.pdf;1512
15;Mixed Fruits & Vegetables;Grapes (Conventional);18;;Preharvest;;Spray 5 - Vivando;$18.80 ;;Vivando 10 oz/acre * $1.88/oz * 1 spray;http://publications.dyson.cornell.edu/outreach/extensionpdf/2014/Cornell-Dyson-eb1401.pdf;1513
15;Mixed Fruits & Vegetables;Grapes (Conventional);19;;Preharvest;;Spray 5 - Vivando;$18.80 ;;Vivando 10 oz/acre * $1.88/oz * 1 spray;http://publications.dyson.cornell.edu/outreach/extensionpdf/2014/Cornell-Dyson-eb1401.pdf;1514
15;Mixed Fruits & Vegetables;Grapes (Conventional);20;;Preharvest;;Spray 5 - Vivando;$18.80 ;;Vivando 10 oz/acre * $1.88/oz * 1 spray;http://publications.dyson.cornell.edu/outreach/extensionpdf/2014/Cornell-Dyson-eb1401.pdf;1515
15;Mixed Fruits & Vegetables;Grapes (Conventional);21;;Preharvest;;Spray 5 - Vivando;$18.80 ;;Vivando 10 oz/acre * $1.88/oz * 1 spray;http://publications.dyson.cornell.edu/outreach/extensionpdf/2014/Cornell-Dyson-eb1401.pdf;1516
15;Mixed Fruits & Vegetables;Grapes (Conventional);22;;Preharvest;;Spray 5 - Vivando;$18.80 ;;Vivando 10 oz/acre * $1.88/oz * 1 spray;http://publications.dyson.cornell.edu/outreach/extensionpdf/2014/Cornell-Dyson-eb1401.pdf;1517
15;Mixed Fruits & Vegetables;Grapes (Conventional);4;;Preharvest;;Spray 5 - Mancozeb 75DF;$16.20 ;;Mancozeb 75DF 4 lbs/acre * $4.05/lb * 1 spray;http://publications.dyson.cornell.edu/outreach/extensionpdf/2014/Cornell-Dyson-eb1401.pdf;1518
15;Mixed Fruits & Vegetables;Grapes (Conventional);5;;Preharvest;;Spray 5 - Mancozeb 75DF;$16.20 ;;Mancozeb 75DF 4 lbs/acre * $4.05/lb * 1 spray;http://publications.dyson.cornell.edu/outreach/extensionpdf/2014/Cornell-Dyson-eb1401.pdf;1519
15;Mixed Fruits & Vegetables;Grapes (Conventional);6;;Preharvest;;Spray 5 - Mancozeb 75DF;$16.20 ;;Mancozeb 75DF 4 lbs/acre * $4.05/lb * 1 spray;http://publications.dyson.cornell.edu/outreach/extensionpdf/2014/Cornell-Dyson-eb1401.pdf;1520
15;Mixed Fruits & Vegetables;Grapes (Conventional);7;;Preharvest;;Spray 5 - Mancozeb 75DF;$16.20 ;;Mancozeb 75DF 4 lbs/acre * $4.05/lb * 1 spray;http://publications.dyson.cornell.edu/outreach/extensionpdf/2014/Cornell-Dyson-eb1401.pdf;1521
15;Mixed Fruits & Vegetables;Grapes (Conventional);8;;Preharvest;;Spray 5 - Mancozeb 75DF;$16.20 ;;Mancozeb 75DF 4 lbs/acre * $4.05/lb * 1 spray;http://publications.dyson.cornell.edu/outreach/extensionpdf/2014/Cornell-Dyson-eb1401.pdf;1522
15;Mixed Fruits & Vegetables;Grapes (Conventional);9;;Preharvest;;Spray 5 - Mancozeb 75DF;$16.20 ;;Mancozeb 75DF 4 lbs/acre * $4.05/lb * 1 spray;http://publications.dyson.cornell.edu/outreach/extensionpdf/2014/Cornell-Dyson-eb1401.pdf;1523
15;Mixed Fruits & Vegetables;Grapes (Conventional);10;;Preharvest;;Spray 5 - Mancozeb 75DF;$16.20 ;;Mancozeb 75DF 4 lbs/acre * $4.05/lb * 1 spray;http://publications.dyson.cornell.edu/outreach/extensionpdf/2014/Cornell-Dyson-eb1401.pdf;1524
15;Mixed Fruits & Vegetables;Grapes (Conventional);11;;Preharvest;;Spray 5 - Mancozeb 75DF;$16.20 ;;Mancozeb 75DF 4 lbs/acre * $4.05/lb * 1 spray;http://publications.dyson.cornell.edu/outreach/extensionpdf/2014/Cornell-Dyson-eb1401.pdf;1525
15;Mixed Fruits & Vegetables;Grapes (Conventional);12;;Preharvest;;Spray 5 - Mancozeb 75DF;$16.20 ;;Mancozeb 75DF 4 lbs/acre * $4.05/lb * 1 spray;http://publications.dyson.cornell.edu/outreach/extensionpdf/2014/Cornell-Dyson-eb1401.pdf;1526
15;Mixed Fruits & Vegetables;Grapes (Conventional);13;;Preharvest;;Spray 5 - Mancozeb 75DF;$16.20 ;;Mancozeb 75DF 4 lbs/acre * $4.05/lb * 1 spray;http://publications.dyson.cornell.edu/outreach/extensionpdf/2014/Cornell-Dyson-eb1401.pdf;1527
15;Mixed Fruits & Vegetables;Grapes (Conventional);14;;Preharvest;;Spray 5 - Mancozeb 75DF;$16.20 ;;Mancozeb 75DF 4 lbs/acre * $4.05/lb * 1 spray;http://publications.dyson.cornell.edu/outreach/extensionpdf/2014/Cornell-Dyson-eb1401.pdf;1528
15;Mixed Fruits & Vegetables;Grapes (Conventional);15;;Preharvest;;Spray 5 - Mancozeb 75DF;$16.20 ;;Mancozeb 75DF 4 lbs/acre * $4.05/lb * 1 spray;http://publications.dyson.cornell.edu/outreach/extensionpdf/2014/Cornell-Dyson-eb1401.pdf;1529
15;Mixed Fruits & Vegetables;Grapes (Conventional);16;;Preharvest;;Spray 5 - Mancozeb 75DF;$16.20 ;;Mancozeb 75DF 4 lbs/acre * $4.05/lb * 1 spray;http://publications.dyson.cornell.edu/outreach/extensionpdf/2014/Cornell-Dyson-eb1401.pdf;1530
15;Mixed Fruits & Vegetables;Grapes (Conventional);17;;Preharvest;;Spray 5 - Mancozeb 75DF;$16.20 ;;Mancozeb 75DF 4 lbs/acre * $4.05/lb * 1 spray;http://publications.dyson.cornell.edu/outreach/extensionpdf/2014/Cornell-Dyson-eb1401.pdf;1531
15;Mixed Fruits & Vegetables;Grapes (Conventional);18;;Preharvest;;Spray 5 - Mancozeb 75DF;$16.20 ;;Mancozeb 75DF 4 lbs/acre * $4.05/lb * 1 spray;http://publications.dyson.cornell.edu/outreach/extensionpdf/2014/Cornell-Dyson-eb1401.pdf;1532
15;Mixed Fruits & Vegetables;Grapes (Conventional);19;;Preharvest;;Spray 5 - Mancozeb 75DF;$16.20 ;;Mancozeb 75DF 4 lbs/acre * $4.05/lb * 1 spray;http://publications.dyson.cornell.edu/outreach/extensionpdf/2014/Cornell-Dyson-eb1401.pdf;1533
15;Mixed Fruits & Vegetables;Grapes (Conventional);20;;Preharvest;;Spray 5 - Mancozeb 75DF;$16.20 ;;Mancozeb 75DF 4 lbs/acre * $4.05/lb * 1 spray;http://publications.dyson.cornell.edu/outreach/extensionpdf/2014/Cornell-Dyson-eb1401.pdf;1534
15;Mixed Fruits & Vegetables;Grapes (Conventional);21;;Preharvest;;Spray 5 - Mancozeb 75DF;$16.20 ;;Mancozeb 75DF 4 lbs/acre * $4.05/lb * 1 spray;http://publications.dyson.cornell.edu/outreach/extensionpdf/2014/Cornell-Dyson-eb1401.pdf;1535
15;Mixed Fruits & Vegetables;Grapes (Conventional);22;;Preharvest;;Spray 5 - Mancozeb 75DF;$16.20 ;;Mancozeb 75DF 4 lbs/acre * $4.05/lb * 1 spray;http://publications.dyson.cornell.edu/outreach/extensionpdf/2014/Cornell-Dyson-eb1401.pdf;1536
15;Mixed Fruits & Vegetables;Grapes (Conventional);4;;Preharvest;;Spray 5 - Skilled Labor Costs;$12.00 ;;0.6 hours * $20/hour * 1 spray;;1537
15;Mixed Fruits & Vegetables;Grapes (Conventional);5;;Preharvest;;Spray 5 - Skilled Labor Costs;$12.00 ;;0.6 hours * $20/hour * 1 spray;;1538
15;Mixed Fruits & Vegetables;Grapes (Conventional);6;;Preharvest;;Spray 5 - Skilled Labor Costs;$12.00 ;;0.6 hours * $20/hour * 1 spray;;1539
15;Mixed Fruits & Vegetables;Grapes (Conventional);7;;Preharvest;;Spray 5 - Skilled Labor Costs;$12.00 ;;0.6 hours * $20/hour * 1 spray;;1540
15;Mixed Fruits & Vegetables;Grapes (Conventional);8;;Preharvest;;Spray 5 - Skilled Labor Costs;$12.00 ;;0.6 hours * $20/hour * 1 spray;;1541
15;Mixed Fruits & Vegetables;Grapes (Conventional);9;;Preharvest;;Spray 5 - Skilled Labor Costs;$12.00 ;;0.6 hours * $20/hour * 1 spray;;1542
15;Mixed Fruits & Vegetables;Grapes (Conventional);10;;Preharvest;;Spray 5 - Skilled Labor Costs;$12.00 ;;0.6 hours * $20/hour * 1 spray;;1543
15;Mixed Fruits & Vegetables;Grapes (Conventional);11;;Preharvest;;Spray 5 - Skilled Labor Costs;$12.00 ;;0.6 hours * $20/hour * 1 spray;;1544
15;Mixed Fruits & Vegetables;Grapes (Conventional);12;;Preharvest;;Spray 5 - Skilled Labor Costs;$12.00 ;;0.6 hours * $20/hour * 1 spray;;1545
15;Mixed Fruits & Vegetables;Grapes (Conventional);13;;Preharvest;;Spray 5 - Skilled Labor Costs;$12.00 ;;0.6 hours * $20/hour * 1 spray;;1546
15;Mixed Fruits & Vegetables;Grapes (Conventional);14;;Preharvest;;Spray 5 - Skilled Labor Costs;$12.00 ;;0.6 hours * $20/hour * 1 spray;;1547
15;Mixed Fruits & Vegetables;Grapes (Conventional);15;;Preharvest;;Spray 5 - Skilled Labor Costs;$12.00 ;;0.6 hours * $20/hour * 1 spray;;1548
15;Mixed Fruits & Vegetables;Grapes (Conventional);16;;Preharvest;;Spray 5 - Skilled Labor Costs;$12.00 ;;0.6 hours * $20/hour * 1 spray;;1549
15;Mixed Fruits & Vegetables;Grapes (Conventional);17;;Preharvest;;Spray 5 - Skilled Labor Costs;$12.00 ;;0.6 hours * $20/hour * 1 spray;;1550
15;Mixed Fruits & Vegetables;Grapes (Conventional);18;;Preharvest;;Spray 5 - Skilled Labor Costs;$12.00 ;;0.6 hours * $20/hour * 1 spray;;1551
15;Mixed Fruits & Vegetables;Grapes (Conventional);19;;Preharvest;;Spray 5 - Skilled Labor Costs;$12.00 ;;0.6 hours * $20/hour * 1 spray;;1552
15;Mixed Fruits & Vegetables;Grapes (Conventional);20;;Preharvest;;Spray 5 - Skilled Labor Costs;$12.00 ;;0.6 hours * $20/hour * 1 spray;;1553
15;Mixed Fruits & Vegetables;Grapes (Conventional);21;;Preharvest;;Spray 5 - Skilled Labor Costs;$12.00 ;;0.6 hours * $20/hour * 1 spray;;1554
15;Mixed Fruits & Vegetables;Grapes (Conventional);22;;Preharvest;;Spray 5 - Skilled Labor Costs;$12.00 ;;0.6 hours * $20/hour * 1 spray;;1555
15;Mixed Fruits & Vegetables;Grapes (Conventional);4;;Preharvest;;Spray 5 - Equipment Costs;$13.97 ;;??? $13.97 * 1 spray ???;;1556
15;Mixed Fruits & Vegetables;Grapes (Conventional);5;;Preharvest;;Spray 5 - Equipment Costs;$13.97 ;;??? $13.97 * 1 spray ???;;1557
15;Mixed Fruits & Vegetables;Grapes (Conventional);6;;Preharvest;;Spray 5 - Equipment Costs;$13.97 ;;??? $13.97 * 1 spray ???;;1558
15;Mixed Fruits & Vegetables;Grapes (Conventional);7;;Preharvest;;Spray 5 - Equipment Costs;$13.97 ;;??? $13.97 * 1 spray ???;;1559
15;Mixed Fruits & Vegetables;Grapes (Conventional);8;;Preharvest;;Spray 5 - Equipment Costs;$13.97 ;;??? $13.97 * 1 spray ???;;1560
15;Mixed Fruits & Vegetables;Grapes (Conventional);9;;Preharvest;;Spray 5 - Equipment Costs;$13.97 ;;??? $13.97 * 1 spray ???;;1561
15;Mixed Fruits & Vegetables;Grapes (Conventional);10;;Preharvest;;Spray 5 - Equipment Costs;$13.97 ;;??? $13.97 * 1 spray ???;;1562
15;Mixed Fruits & Vegetables;Grapes (Conventional);11;;Preharvest;;Spray 5 - Equipment Costs;$13.97 ;;??? $13.97 * 1 spray ???;;1563
15;Mixed Fruits & Vegetables;Grapes (Conventional);12;;Preharvest;;Spray 5 - Equipment Costs;$13.97 ;;??? $13.97 * 1 spray ???;;1564
15;Mixed Fruits & Vegetables;Grapes (Conventional);13;;Preharvest;;Spray 5 - Equipment Costs;$13.97 ;;??? $13.97 * 1 spray ???;;1565
15;Mixed Fruits & Vegetables;Grapes (Conventional);14;;Preharvest;;Spray 5 - Equipment Costs;$13.97 ;;??? $13.97 * 1 spray ???;;1566
15;Mixed Fruits & Vegetables;Grapes (Conventional);15;;Preharvest;;Spray 5 - Equipment Costs;$13.97 ;;??? $13.97 * 1 spray ???;;1567
15;Mixed Fruits & Vegetables;Grapes (Conventional);16;;Preharvest;;Spray 5 - Equipment Costs;$13.97 ;;??? $13.97 * 1 spray ???;;1568
15;Mixed Fruits & Vegetables;Grapes (Conventional);17;;Preharvest;;Spray 5 - Equipment Costs;$13.97 ;;??? $13.97 * 1 spray ???;;1569
15;Mixed Fruits & Vegetables;Grapes (Conventional);18;;Preharvest;;Spray 5 - Equipment Costs;$13.97 ;;??? $13.97 * 1 spray ???;;1570
15;Mixed Fruits & Vegetables;Grapes (Conventional);19;;Preharvest;;Spray 5 - Equipment Costs;$13.97 ;;??? $13.97 * 1 spray ???;;1571
15;Mixed Fruits & Vegetables;Grapes (Conventional);20;;Preharvest;;Spray 5 - Equipment Costs;$13.97 ;;??? $13.97 * 1 spray ???;;1572
15;Mixed Fruits & Vegetables;Grapes (Conventional);21;;Preharvest;;Spray 5 - Equipment Costs;$13.97 ;;??? $13.97 * 1 spray ???;;1573
15;Mixed Fruits & Vegetables;Grapes (Conventional);22;;Preharvest;;Spray 5 - Equipment Costs;$13.97 ;;??? $13.97 * 1 spray ???;;1574
15;Mixed Fruits & Vegetables;Grapes (Conventional);4;;Preharvest;;Spray 6 - Pristine 38WG;$32.50 ;;Pristine 38WG 10 fl oz/acre * $3.25/oz * 1 spray;http://publications.dyson.cornell.edu/outreach/extensionpdf/2014/Cornell-Dyson-eb1401.pdf;1575
15;Mixed Fruits & Vegetables;Grapes (Conventional);5;;Preharvest;;Spray 6 - Pristine 38WG;$32.50 ;;Pristine 38WG 10 fl oz/acre * $3.25/oz * 1 spray;http://publications.dyson.cornell.edu/outreach/extensionpdf/2014/Cornell-Dyson-eb1401.pdf;1576
15;Mixed Fruits & Vegetables;Grapes (Conventional);6;;Preharvest;;Spray 6 - Pristine 38WG;$32.50 ;;Pristine 38WG 10 fl oz/acre * $3.25/oz * 1 spray;http://publications.dyson.cornell.edu/outreach/extensionpdf/2014/Cornell-Dyson-eb1401.pdf;1577
15;Mixed Fruits & Vegetables;Grapes (Conventional);7;;Preharvest;;Spray 6 - Pristine 38WG;$32.50 ;;Pristine 38WG 10 fl oz/acre * $3.25/oz * 1 spray;http://publications.dyson.cornell.edu/outreach/extensionpdf/2014/Cornell-Dyson-eb1401.pdf;1578
15;Mixed Fruits & Vegetables;Grapes (Conventional);8;;Preharvest;;Spray 6 - Pristine 38WG;$32.50 ;;Pristine 38WG 10 fl oz/acre * $3.25/oz * 1 spray;http://publications.dyson.cornell.edu/outreach/extensionpdf/2014/Cornell-Dyson-eb1401.pdf;1579
15;Mixed Fruits & Vegetables;Grapes (Conventional);9;;Preharvest;;Spray 6 - Pristine 38WG;$32.50 ;;Pristine 38WG 10 fl oz/acre * $3.25/oz * 1 spray;http://publications.dyson.cornell.edu/outreach/extensionpdf/2014/Cornell-Dyson-eb1401.pdf;1580
15;Mixed Fruits & Vegetables;Grapes (Conventional);10;;Preharvest;;Spray 6 - Pristine 38WG;$32.50 ;;Pristine 38WG 10 fl oz/acre * $3.25/oz * 1 spray;http://publications.dyson.cornell.edu/outreach/extensionpdf/2014/Cornell-Dyson-eb1401.pdf;1581
15;Mixed Fruits & Vegetables;Grapes (Conventional);11;;Preharvest;;Spray 6 - Pristine 38WG;$32.50 ;;Pristine 38WG 10 fl oz/acre * $3.25/oz * 1 spray;http://publications.dyson.cornell.edu/outreach/extensionpdf/2014/Cornell-Dyson-eb1401.pdf;1582
15;Mixed Fruits & Vegetables;Grapes (Conventional);12;;Preharvest;;Spray 6 - Pristine 38WG;$32.50 ;;Pristine 38WG 10 fl oz/acre * $3.25/oz * 1 spray;http://publications.dyson.cornell.edu/outreach/extensionpdf/2014/Cornell-Dyson-eb1401.pdf;1583
15;Mixed Fruits & Vegetables;Grapes (Conventional);13;;Preharvest;;Spray 6 - Pristine 38WG;$32.50 ;;Pristine 38WG 10 fl oz/acre * $3.25/oz * 1 spray;http://publications.dyson.cornell.edu/outreach/extensionpdf/2014/Cornell-Dyson-eb1401.pdf;1584
15;Mixed Fruits & Vegetables;Grapes (Conventional);14;;Preharvest;;Spray 6 - Pristine 38WG;$32.50 ;;Pristine 38WG 10 fl oz/acre * $3.25/oz * 1 spray;http://publications.dyson.cornell.edu/outreach/extensionpdf/2014/Cornell-Dyson-eb1401.pdf;1585
15;Mixed Fruits & Vegetables;Grapes (Conventional);15;;Preharvest;;Spray 6 - Pristine 38WG;$32.50 ;;Pristine 38WG 10 fl oz/acre * $3.25/oz * 1 spray;http://publications.dyson.cornell.edu/outreach/extensionpdf/2014/Cornell-Dyson-eb1401.pdf;1586
15;Mixed Fruits & Vegetables;Grapes (Conventional);16;;Preharvest;;Spray 6 - Pristine 38WG;$32.50 ;;Pristine 38WG 10 fl oz/acre * $3.25/oz * 1 spray;http://publications.dyson.cornell.edu/outreach/extensionpdf/2014/Cornell-Dyson-eb1401.pdf;1587
15;Mixed Fruits & Vegetables;Grapes (Conventional);17;;Preharvest;;Spray 6 - Pristine 38WG;$32.50 ;;Pristine 38WG 10 fl oz/acre * $3.25/oz * 1 spray;http://publications.dyson.cornell.edu/outreach/extensionpdf/2014/Cornell-Dyson-eb1401.pdf;1588
15;Mixed Fruits & Vegetables;Grapes (Conventional);18;;Preharvest;;Spray 6 - Pristine 38WG;$32.50 ;;Pristine 38WG 10 fl oz/acre * $3.25/oz * 1 spray;http://publications.dyson.cornell.edu/outreach/extensionpdf/2014/Cornell-Dyson-eb1401.pdf;1589
15;Mixed Fruits & Vegetables;Grapes (Conventional);19;;Preharvest;;Spray 6 - Pristine 38WG;$32.50 ;;Pristine 38WG 10 fl oz/acre * $3.25/oz * 1 spray;http://publications.dyson.cornell.edu/outreach/extensionpdf/2014/Cornell-Dyson-eb1401.pdf;1590
15;Mixed Fruits & Vegetables;Grapes (Conventional);20;;Preharvest;;Spray 6 - Pristine 38WG;$32.50 ;;Pristine 38WG 10 fl oz/acre * $3.25/oz * 1 spray;http://publications.dyson.cornell.edu/outreach/extensionpdf/2014/Cornell-Dyson-eb1401.pdf;1591
15;Mixed Fruits & Vegetables;Grapes (Conventional);21;;Preharvest;;Spray 6 - Pristine 38WG;$32.50 ;;Pristine 38WG 10 fl oz/acre * $3.25/oz * 1 spray;http://publications.dyson.cornell.edu/outreach/extensionpdf/2014/Cornell-Dyson-eb1401.pdf;1592
15;Mixed Fruits & Vegetables;Grapes (Conventional);22;;Preharvest;;Spray 6 - Pristine 38WG;$32.50 ;;Pristine 38WG 10 fl oz/acre * $3.25/oz * 1 spray;http://publications.dyson.cornell.edu/outreach/extensionpdf/2014/Cornell-Dyson-eb1401.pdf;1593
15;Mixed Fruits & Vegetables;Grapes (Conventional);4;;Preharvest;;Spray 6 - Sulfur;$2.50 ;;Sulfur 5 lbs/acre * $0.50/lb * 1 spray;http://publications.dyson.cornell.edu/outreach/extensionpdf/2014/Cornell-Dyson-eb1401.pdf;1594
15;Mixed Fruits & Vegetables;Grapes (Conventional);5;;Preharvest;;Spray 6 - Sulfur;$2.50 ;;Sulfur 5 lbs/acre * $0.50/lb * 1 spray;http://publications.dyson.cornell.edu/outreach/extensionpdf/2014/Cornell-Dyson-eb1401.pdf;1595
15;Mixed Fruits & Vegetables;Grapes (Conventional);6;;Preharvest;;Spray 6 - Sulfur;$2.50 ;;Sulfur 5 lbs/acre * $0.50/lb * 1 spray;http://publications.dyson.cornell.edu/outreach/extensionpdf/2014/Cornell-Dyson-eb1401.pdf;1596
15;Mixed Fruits & Vegetables;Grapes (Conventional);7;;Preharvest;;Spray 6 - Sulfur;$2.50 ;;Sulfur 5 lbs/acre * $0.50/lb * 1 spray;http://publications.dyson.cornell.edu/outreach/extensionpdf/2014/Cornell-Dyson-eb1401.pdf;1597
15;Mixed Fruits & Vegetables;Grapes (Conventional);8;;Preharvest;;Spray 6 - Sulfur;$2.50 ;;Sulfur 5 lbs/acre * $0.50/lb * 1 spray;http://publications.dyson.cornell.edu/outreach/extensionpdf/2014/Cornell-Dyson-eb1401.pdf;1598
15;Mixed Fruits & Vegetables;Grapes (Conventional);9;;Preharvest;;Spray 6 - Sulfur;$2.50 ;;Sulfur 5 lbs/acre * $0.50/lb * 1 spray;http://publications.dyson.cornell.edu/outreach/extensionpdf/2014/Cornell-Dyson-eb1401.pdf;1599
15;Mixed Fruits & Vegetables;Grapes (Conventional);10;;Preharvest;;Spray 6 - Sulfur;$2.50 ;;Sulfur 5 lbs/acre * $0.50/lb * 1 spray;http://publications.dyson.cornell.edu/outreach/extensionpdf/2014/Cornell-Dyson-eb1401.pdf;1600
15;Mixed Fruits & Vegetables;Grapes (Conventional);11;;Preharvest;;Spray 6 - Sulfur;$2.50 ;;Sulfur 5 lbs/acre * $0.50/lb * 1 spray;http://publications.dyson.cornell.edu/outreach/extensionpdf/2014/Cornell-Dyson-eb1401.pdf;1601
15;Mixed Fruits & Vegetables;Grapes (Conventional);12;;Preharvest;;Spray 6 - Sulfur;$2.50 ;;Sulfur 5 lbs/acre * $0.50/lb * 1 spray;http://publications.dyson.cornell.edu/outreach/extensionpdf/2014/Cornell-Dyson-eb1401.pdf;1602
15;Mixed Fruits & Vegetables;Grapes (Conventional);13;;Preharvest;;Spray 6 - Sulfur;$2.50 ;;Sulfur 5 lbs/acre * $0.50/lb * 1 spray;http://publications.dyson.cornell.edu/outreach/extensionpdf/2014/Cornell-Dyson-eb1401.pdf;1603
15;Mixed Fruits & Vegetables;Grapes (Conventional);14;;Preharvest;;Spray 6 - Sulfur;$2.50 ;;Sulfur 5 lbs/acre * $0.50/lb * 1 spray;http://publications.dyson.cornell.edu/outreach/extensionpdf/2014/Cornell-Dyson-eb1401.pdf;1604
15;Mixed Fruits & Vegetables;Grapes (Conventional);15;;Preharvest;;Spray 6 - Sulfur;$2.50 ;;Sulfur 5 lbs/acre * $0.50/lb * 1 spray;http://publications.dyson.cornell.edu/outreach/extensionpdf/2014/Cornell-Dyson-eb1401.pdf;1605
15;Mixed Fruits & Vegetables;Grapes (Conventional);16;;Preharvest;;Spray 6 - Sulfur;$2.50 ;;Sulfur 5 lbs/acre * $0.50/lb * 1 spray;http://publications.dyson.cornell.edu/outreach/extensionpdf/2014/Cornell-Dyson-eb1401.pdf;1606
15;Mixed Fruits & Vegetables;Grapes (Conventional);17;;Preharvest;;Spray 6 - Sulfur;$2.50 ;;Sulfur 5 lbs/acre * $0.50/lb * 1 spray;http://publications.dyson.cornell.edu/outreach/extensionpdf/2014/Cornell-Dyson-eb1401.pdf;1607
15;Mixed Fruits & Vegetables;Grapes (Conventional);18;;Preharvest;;Spray 6 - Sulfur;$2.50 ;;Sulfur 5 lbs/acre * $0.50/lb * 1 spray;http://publications.dyson.cornell.edu/outreach/extensionpdf/2014/Cornell-Dyson-eb1401.pdf;1608
15;Mixed Fruits & Vegetables;Grapes (Conventional);19;;Preharvest;;Spray 6 - Sulfur;$2.50 ;;Sulfur 5 lbs/acre * $0.50/lb * 1 spray;http://publications.dyson.cornell.edu/outreach/extensionpdf/2014/Cornell-Dyson-eb1401.pdf;1609
15;Mixed Fruits & Vegetables;Grapes (Conventional);20;;Preharvest;;Spray 6 - Sulfur;$2.50 ;;Sulfur 5 lbs/acre * $0.50/lb * 1 spray;http://publications.dyson.cornell.edu/outreach/extensionpdf/2014/Cornell-Dyson-eb1401.pdf;1610
15;Mixed Fruits & Vegetables;Grapes (Conventional);21;;Preharvest;;Spray 6 - Sulfur;$2.50 ;;Sulfur 5 lbs/acre * $0.50/lb * 1 spray;http://publications.dyson.cornell.edu/outreach/extensionpdf/2014/Cornell-Dyson-eb1401.pdf;1611
15;Mixed Fruits & Vegetables;Grapes (Conventional);22;;Preharvest;;Spray 6 - Sulfur;$2.50 ;;Sulfur 5 lbs/acre * $0.50/lb * 1 spray;http://publications.dyson.cornell.edu/outreach/extensionpdf/2014/Cornell-Dyson-eb1401.pdf;1612
15;Mixed Fruits & Vegetables;Grapes (Conventional);4;;Preharvest;;Spray 6 - Skilled Labor Costs;$12.00 ;;0.6 hours * $20/hour * 1 spray;;1613
15;Mixed Fruits & Vegetables;Grapes (Conventional);5;;Preharvest;;Spray 6 - Skilled Labor Costs;$12.00 ;;0.6 hours * $20/hour * 1 spray;;1614
15;Mixed Fruits & Vegetables;Grapes (Conventional);6;;Preharvest;;Spray 6 - Skilled Labor Costs;$12.00 ;;0.6 hours * $20/hour * 1 spray;;1615
15;Mixed Fruits & Vegetables;Grapes (Conventional);7;;Preharvest;;Spray 6 - Skilled Labor Costs;$12.00 ;;0.6 hours * $20/hour * 1 spray;;1616
15;Mixed Fruits & Vegetables;Grapes (Conventional);8;;Preharvest;;Spray 6 - Skilled Labor Costs;$12.00 ;;0.6 hours * $20/hour * 1 spray;;1617
15;Mixed Fruits & Vegetables;Grapes (Conventional);9;;Preharvest;;Spray 6 - Skilled Labor Costs;$12.00 ;;0.6 hours * $20/hour * 1 spray;;1618
15;Mixed Fruits & Vegetables;Grapes (Conventional);10;;Preharvest;;Spray 6 - Skilled Labor Costs;$12.00 ;;0.6 hours * $20/hour * 1 spray;;1619
15;Mixed Fruits & Vegetables;Grapes (Conventional);11;;Preharvest;;Spray 6 - Skilled Labor Costs;$12.00 ;;0.6 hours * $20/hour * 1 spray;;1620
15;Mixed Fruits & Vegetables;Grapes (Conventional);12;;Preharvest;;Spray 6 - Skilled Labor Costs;$12.00 ;;0.6 hours * $20/hour * 1 spray;;1621
15;Mixed Fruits & Vegetables;Grapes (Conventional);13;;Preharvest;;Spray 6 - Skilled Labor Costs;$12.00 ;;0.6 hours * $20/hour * 1 spray;;1622
15;Mixed Fruits & Vegetables;Grapes (Conventional);14;;Preharvest;;Spray 6 - Skilled Labor Costs;$12.00 ;;0.6 hours * $20/hour * 1 spray;;1623
15;Mixed Fruits & Vegetables;Grapes (Conventional);15;;Preharvest;;Spray 6 - Skilled Labor Costs;$12.00 ;;0.6 hours * $20/hour * 1 spray;;1624
15;Mixed Fruits & Vegetables;Grapes (Conventional);16;;Preharvest;;Spray 6 - Skilled Labor Costs;$12.00 ;;0.6 hours * $20/hour * 1 spray;;1625
15;Mixed Fruits & Vegetables;Grapes (Conventional);17;;Preharvest;;Spray 6 - Skilled Labor Costs;$12.00 ;;0.6 hours * $20/hour * 1 spray;;1626
15;Mixed Fruits & Vegetables;Grapes (Conventional);18;;Preharvest;;Spray 6 - Skilled Labor Costs;$12.00 ;;0.6 hours * $20/hour * 1 spray;;1627
15;Mixed Fruits & Vegetables;Grapes (Conventional);19;;Preharvest;;Spray 6 - Skilled Labor Costs;$12.00 ;;0.6 hours * $20/hour * 1 spray;;1628
15;Mixed Fruits & Vegetables;Grapes (Conventional);20;;Preharvest;;Spray 6 - Skilled Labor Costs;$12.00 ;;0.6 hours * $20/hour * 1 spray;;1629
15;Mixed Fruits & Vegetables;Grapes (Conventional);21;;Preharvest;;Spray 6 - Skilled Labor Costs;$12.00 ;;0.6 hours * $20/hour * 1 spray;;1630
15;Mixed Fruits & Vegetables;Grapes (Conventional);22;;Preharvest;;Spray 6 - Skilled Labor Costs;$12.00 ;;0.6 hours * $20/hour * 1 spray;;1631
15;Mixed Fruits & Vegetables;Grapes (Conventional);4;;Preharvest;;Spray 6 - Equipment Costs;$13.97 ;;??? $13.97 * 1 spray ???;;1632
15;Mixed Fruits & Vegetables;Grapes (Conventional);5;;Preharvest;;Spray 6 - Equipment Costs;$13.97 ;;??? $13.97 * 1 spray ???;;1633
15;Mixed Fruits & Vegetables;Grapes (Conventional);6;;Preharvest;;Spray 6 - Equipment Costs;$13.97 ;;??? $13.97 * 1 spray ???;;1634
15;Mixed Fruits & Vegetables;Grapes (Conventional);7;;Preharvest;;Spray 6 - Equipment Costs;$13.97 ;;??? $13.97 * 1 spray ???;;1635
15;Mixed Fruits & Vegetables;Grapes (Conventional);8;;Preharvest;;Spray 6 - Equipment Costs;$13.97 ;;??? $13.97 * 1 spray ???;;1636
15;Mixed Fruits & Vegetables;Grapes (Conventional);9;;Preharvest;;Spray 6 - Equipment Costs;$13.97 ;;??? $13.97 * 1 spray ???;;1637
15;Mixed Fruits & Vegetables;Grapes (Conventional);10;;Preharvest;;Spray 6 - Equipment Costs;$13.97 ;;??? $13.97 * 1 spray ???;;1638
15;Mixed Fruits & Vegetables;Grapes (Conventional);11;;Preharvest;;Spray 6 - Equipment Costs;$13.97 ;;??? $13.97 * 1 spray ???;;1639
15;Mixed Fruits & Vegetables;Grapes (Conventional);12;;Preharvest;;Spray 6 - Equipment Costs;$13.97 ;;??? $13.97 * 1 spray ???;;1640
15;Mixed Fruits & Vegetables;Grapes (Conventional);13;;Preharvest;;Spray 6 - Equipment Costs;$13.97 ;;??? $13.97 * 1 spray ???;;1641
15;Mixed Fruits & Vegetables;Grapes (Conventional);14;;Preharvest;;Spray 6 - Equipment Costs;$13.97 ;;??? $13.97 * 1 spray ???;;1642
15;Mixed Fruits & Vegetables;Grapes (Conventional);15;;Preharvest;;Spray 6 - Equipment Costs;$13.97 ;;??? $13.97 * 1 spray ???;;1643
15;Mixed Fruits & Vegetables;Grapes (Conventional);16;;Preharvest;;Spray 6 - Equipment Costs;$13.97 ;;??? $13.97 * 1 spray ???;;1644
15;Mixed Fruits & Vegetables;Grapes (Conventional);17;;Preharvest;;Spray 6 - Equipment Costs;$13.97 ;;??? $13.97 * 1 spray ???;;1645
15;Mixed Fruits & Vegetables;Grapes (Conventional);18;;Preharvest;;Spray 6 - Equipment Costs;$13.97 ;;??? $13.97 * 1 spray ???;;1646
15;Mixed Fruits & Vegetables;Grapes (Conventional);19;;Preharvest;;Spray 6 - Equipment Costs;$13.97 ;;??? $13.97 * 1 spray ???;;1647
15;Mixed Fruits & Vegetables;Grapes (Conventional);20;;Preharvest;;Spray 6 - Equipment Costs;$13.97 ;;??? $13.97 * 1 spray ???;;1648
15;Mixed Fruits & Vegetables;Grapes (Conventional);21;;Preharvest;;Spray 6 - Equipment Costs;$13.97 ;;??? $13.97 * 1 spray ???;;1649
15;Mixed Fruits & Vegetables;Grapes (Conventional);22;;Preharvest;;Spray 6 - Equipment Costs;$13.97 ;;??? $13.97 * 1 spray ???;;1650
15;Mixed Fruits & Vegetables;Grapes (Conventional);4;;Preharvest;;Spray 7 - Revus Top;$16.38 ;;Revus Top 7 oz/acre * $2.34/oz * 1 spray;http://publications.dyson.cornell.edu/outreach/extensionpdf/2014/Cornell-Dyson-eb1401.pdf;1651
15;Mixed Fruits & Vegetables;Grapes (Conventional);5;;Preharvest;;Spray 7 - Revus Top;$16.38 ;;Revus Top 7 oz/acre * $2.34/oz * 1 spray;http://publications.dyson.cornell.edu/outreach/extensionpdf/2014/Cornell-Dyson-eb1401.pdf;1652
15;Mixed Fruits & Vegetables;Grapes (Conventional);6;;Preharvest;;Spray 7 - Revus Top;$16.38 ;;Revus Top 7 oz/acre * $2.34/oz * 1 spray;http://publications.dyson.cornell.edu/outreach/extensionpdf/2014/Cornell-Dyson-eb1401.pdf;1653
15;Mixed Fruits & Vegetables;Grapes (Conventional);7;;Preharvest;;Spray 7 - Revus Top;$16.38 ;;Revus Top 7 oz/acre * $2.34/oz * 1 spray;http://publications.dyson.cornell.edu/outreach/extensionpdf/2014/Cornell-Dyson-eb1401.pdf;1654
15;Mixed Fruits & Vegetables;Grapes (Conventional);8;;Preharvest;;Spray 7 - Revus Top;$16.38 ;;Revus Top 7 oz/acre * $2.34/oz * 1 spray;http://publications.dyson.cornell.edu/outreach/extensionpdf/2014/Cornell-Dyson-eb1401.pdf;1655
15;Mixed Fruits & Vegetables;Grapes (Conventional);9;;Preharvest;;Spray 7 - Revus Top;$16.38 ;;Revus Top 7 oz/acre * $2.34/oz * 1 spray;http://publications.dyson.cornell.edu/outreach/extensionpdf/2014/Cornell-Dyson-eb1401.pdf;1656
15;Mixed Fruits & Vegetables;Grapes (Conventional);10;;Preharvest;;Spray 7 - Revus Top;$16.38 ;;Revus Top 7 oz/acre * $2.34/oz * 1 spray;http://publications.dyson.cornell.edu/outreach/extensionpdf/2014/Cornell-Dyson-eb1401.pdf;1657
15;Mixed Fruits & Vegetables;Grapes (Conventional);11;;Preharvest;;Spray 7 - Revus Top;$16.38 ;;Revus Top 7 oz/acre * $2.34/oz * 1 spray;http://publications.dyson.cornell.edu/outreach/extensionpdf/2014/Cornell-Dyson-eb1401.pdf;1658
15;Mixed Fruits & Vegetables;Grapes (Conventional);12;;Preharvest;;Spray 7 - Revus Top;$16.38 ;;Revus Top 7 oz/acre * $2.34/oz * 1 spray;http://publications.dyson.cornell.edu/outreach/extensionpdf/2014/Cornell-Dyson-eb1401.pdf;1659
15;Mixed Fruits & Vegetables;Grapes (Conventional);13;;Preharvest;;Spray 7 - Revus Top;$16.38 ;;Revus Top 7 oz/acre * $2.34/oz * 1 spray;http://publications.dyson.cornell.edu/outreach/extensionpdf/2014/Cornell-Dyson-eb1401.pdf;1660
15;Mixed Fruits & Vegetables;Grapes (Conventional);14;;Preharvest;;Spray 7 - Revus Top;$16.38 ;;Revus Top 7 oz/acre * $2.34/oz * 1 spray;http://publications.dyson.cornell.edu/outreach/extensionpdf/2014/Cornell-Dyson-eb1401.pdf;1661
15;Mixed Fruits & Vegetables;Grapes (Conventional);15;;Preharvest;;Spray 7 - Revus Top;$16.38 ;;Revus Top 7 oz/acre * $2.34/oz * 1 spray;http://publications.dyson.cornell.edu/outreach/extensionpdf/2014/Cornell-Dyson-eb1401.pdf;1662
15;Mixed Fruits & Vegetables;Grapes (Conventional);16;;Preharvest;;Spray 7 - Revus Top;$16.38 ;;Revus Top 7 oz/acre * $2.34/oz * 1 spray;http://publications.dyson.cornell.edu/outreach/extensionpdf/2014/Cornell-Dyson-eb1401.pdf;1663
15;Mixed Fruits & Vegetables;Grapes (Conventional);17;;Preharvest;;Spray 7 - Revus Top;$16.38 ;;Revus Top 7 oz/acre * $2.34/oz * 1 spray;http://publications.dyson.cornell.edu/outreach/extensionpdf/2014/Cornell-Dyson-eb1401.pdf;1664
15;Mixed Fruits & Vegetables;Grapes (Conventional);18;;Preharvest;;Spray 7 - Revus Top;$16.38 ;;Revus Top 7 oz/acre * $2.34/oz * 1 spray;http://publications.dyson.cornell.edu/outreach/extensionpdf/2014/Cornell-Dyson-eb1401.pdf;1665
15;Mixed Fruits & Vegetables;Grapes (Conventional);19;;Preharvest;;Spray 7 - Revus Top;$16.38 ;;Revus Top 7 oz/acre * $2.34/oz * 1 spray;http://publications.dyson.cornell.edu/outreach/extensionpdf/2014/Cornell-Dyson-eb1401.pdf;1666
15;Mixed Fruits & Vegetables;Grapes (Conventional);20;;Preharvest;;Spray 7 - Revus Top;$16.38 ;;Revus Top 7 oz/acre * $2.34/oz * 1 spray;http://publications.dyson.cornell.edu/outreach/extensionpdf/2014/Cornell-Dyson-eb1401.pdf;1667
15;Mixed Fruits & Vegetables;Grapes (Conventional);21;;Preharvest;;Spray 7 - Revus Top;$16.38 ;;Revus Top 7 oz/acre * $2.34/oz * 1 spray;http://publications.dyson.cornell.edu/outreach/extensionpdf/2014/Cornell-Dyson-eb1401.pdf;1668
15;Mixed Fruits & Vegetables;Grapes (Conventional);22;;Preharvest;;Spray 7 - Revus Top;$16.38 ;;Revus Top 7 oz/acre * $2.34/oz * 1 spray;http://publications.dyson.cornell.edu/outreach/extensionpdf/2014/Cornell-Dyson-eb1401.pdf;1669
15;Mixed Fruits & Vegetables;Grapes (Conventional);4;;Preharvest;;Spray 7 - Carvaryl 4L;$22.50 ;;Carvaryl 4L 2 qt/acre * $45/gal * 1 spray;http://publications.dyson.cornell.edu/outreach/extensionpdf/2014/Cornell-Dyson-eb1401.pdf;1670
15;Mixed Fruits & Vegetables;Grapes (Conventional);5;;Preharvest;;Spray 7 - Carvaryl 4L;$22.50 ;;Carvaryl 4L 2 qt/acre * $45/gal * 1 spray;http://publications.dyson.cornell.edu/outreach/extensionpdf/2014/Cornell-Dyson-eb1401.pdf;1671
15;Mixed Fruits & Vegetables;Grapes (Conventional);6;;Preharvest;;Spray 7 - Carvaryl 4L;$22.50 ;;Carvaryl 4L 2 qt/acre * $45/gal * 1 spray;http://publications.dyson.cornell.edu/outreach/extensionpdf/2014/Cornell-Dyson-eb1401.pdf;1672
15;Mixed Fruits & Vegetables;Grapes (Conventional);7;;Preharvest;;Spray 7 - Carvaryl 4L;$22.50 ;;Carvaryl 4L 2 qt/acre * $45/gal * 1 spray;http://publications.dyson.cornell.edu/outreach/extensionpdf/2014/Cornell-Dyson-eb1401.pdf;1673
15;Mixed Fruits & Vegetables;Grapes (Conventional);8;;Preharvest;;Spray 7 - Carvaryl 4L;$22.50 ;;Carvaryl 4L 2 qt/acre * $45/gal * 1 spray;http://publications.dyson.cornell.edu/outreach/extensionpdf/2014/Cornell-Dyson-eb1401.pdf;1674
15;Mixed Fruits & Vegetables;Grapes (Conventional);9;;Preharvest;;Spray 7 - Carvaryl 4L;$22.50 ;;Carvaryl 4L 2 qt/acre * $45/gal * 1 spray;http://publications.dyson.cornell.edu/outreach/extensionpdf/2014/Cornell-Dyson-eb1401.pdf;1675
15;Mixed Fruits & Vegetables;Grapes (Conventional);10;;Preharvest;;Spray 7 - Carvaryl 4L;$22.50 ;;Carvaryl 4L 2 qt/acre * $45/gal * 1 spray;http://publications.dyson.cornell.edu/outreach/extensionpdf/2014/Cornell-Dyson-eb1401.pdf;1676
15;Mixed Fruits & Vegetables;Grapes (Conventional);11;;Preharvest;;Spray 7 - Carvaryl 4L;$22.50 ;;Carvaryl 4L 2 qt/acre * $45/gal * 1 spray;http://publications.dyson.cornell.edu/outreach/extensionpdf/2014/Cornell-Dyson-eb1401.pdf;1677
15;Mixed Fruits & Vegetables;Grapes (Conventional);12;;Preharvest;;Spray 7 - Carvaryl 4L;$22.50 ;;Carvaryl 4L 2 qt/acre * $45/gal * 1 spray;http://publications.dyson.cornell.edu/outreach/extensionpdf/2014/Cornell-Dyson-eb1401.pdf;1678
15;Mixed Fruits & Vegetables;Grapes (Conventional);13;;Preharvest;;Spray 7 - Carvaryl 4L;$22.50 ;;Carvaryl 4L 2 qt/acre * $45/gal * 1 spray;http://publications.dyson.cornell.edu/outreach/extensionpdf/2014/Cornell-Dyson-eb1401.pdf;1679
15;Mixed Fruits & Vegetables;Grapes (Conventional);14;;Preharvest;;Spray 7 - Carvaryl 4L;$22.50 ;;Carvaryl 4L 2 qt/acre * $45/gal * 1 spray;http://publications.dyson.cornell.edu/outreach/extensionpdf/2014/Cornell-Dyson-eb1401.pdf;1680
15;Mixed Fruits & Vegetables;Grapes (Conventional);15;;Preharvest;;Spray 7 - Carvaryl 4L;$22.50 ;;Carvaryl 4L 2 qt/acre * $45/gal * 1 spray;http://publications.dyson.cornell.edu/outreach/extensionpdf/2014/Cornell-Dyson-eb1401.pdf;1681
15;Mixed Fruits & Vegetables;Grapes (Conventional);16;;Preharvest;;Spray 7 - Carvaryl 4L;$22.50 ;;Carvaryl 4L 2 qt/acre * $45/gal * 1 spray;http://publications.dyson.cornell.edu/outreach/extensionpdf/2014/Cornell-Dyson-eb1401.pdf;1682
15;Mixed Fruits & Vegetables;Grapes (Conventional);17;;Preharvest;;Spray 7 - Carvaryl 4L;$22.50 ;;Carvaryl 4L 2 qt/acre * $45/gal * 1 spray;http://publications.dyson.cornell.edu/outreach/extensionpdf/2014/Cornell-Dyson-eb1401.pdf;1683
15;Mixed Fruits & Vegetables;Grapes (Conventional);18;;Preharvest;;Spray 7 - Carvaryl 4L;$22.50 ;;Carvaryl 4L 2 qt/acre * $45/gal * 1 spray;http://publications.dyson.cornell.edu/outreach/extensionpdf/2014/Cornell-Dyson-eb1401.pdf;1684
15;Mixed Fruits & Vegetables;Grapes (Conventional);19;;Preharvest;;Spray 7 - Carvaryl 4L;$22.50 ;;Carvaryl 4L 2 qt/acre * $45/gal * 1 spray;http://publications.dyson.cornell.edu/outreach/extensionpdf/2014/Cornell-Dyson-eb1401.pdf;1685
15;Mixed Fruits & Vegetables;Grapes (Conventional);20;;Preharvest;;Spray 7 - Carvaryl 4L;$22.50 ;;Carvaryl 4L 2 qt/acre * $45/gal * 1 spray;http://publications.dyson.cornell.edu/outreach/extensionpdf/2014/Cornell-Dyson-eb1401.pdf;1686
15;Mixed Fruits & Vegetables;Grapes (Conventional);21;;Preharvest;;Spray 7 - Carvaryl 4L;$22.50 ;;Carvaryl 4L 2 qt/acre * $45/gal * 1 spray;http://publications.dyson.cornell.edu/outreach/extensionpdf/2014/Cornell-Dyson-eb1401.pdf;1687
15;Mixed Fruits & Vegetables;Grapes (Conventional);22;;Preharvest;;Spray 7 - Carvaryl 4L;$22.50 ;;Carvaryl 4L 2 qt/acre * $45/gal * 1 spray;http://publications.dyson.cornell.edu/outreach/extensionpdf/2014/Cornell-Dyson-eb1401.pdf;1688
15;Mixed Fruits & Vegetables;Grapes (Conventional);4;;Preharvest;;Spray 7 - Spreader;$0.63 ;;Spreader 4 oz./acre * $20/gal * 1 spray;http://publications.dyson.cornell.edu/outreach/extensionpdf/2014/Cornell-Dyson-eb1401.pdf;1689
15;Mixed Fruits & Vegetables;Grapes (Conventional);5;;Preharvest;;Spray 7 - Spreader;$0.63 ;;Spreader 4 oz./acre * $20/gal * 1 spray;http://publications.dyson.cornell.edu/outreach/extensionpdf/2014/Cornell-Dyson-eb1401.pdf;1690
15;Mixed Fruits & Vegetables;Grapes (Conventional);6;;Preharvest;;Spray 7 - Spreader;$0.63 ;;Spreader 4 oz./acre * $20/gal * 1 spray;http://publications.dyson.cornell.edu/outreach/extensionpdf/2014/Cornell-Dyson-eb1401.pdf;1691
15;Mixed Fruits & Vegetables;Grapes (Conventional);7;;Preharvest;;Spray 7 - Spreader;$0.63 ;;Spreader 4 oz./acre * $20/gal * 1 spray;http://publications.dyson.cornell.edu/outreach/extensionpdf/2014/Cornell-Dyson-eb1401.pdf;1692
15;Mixed Fruits & Vegetables;Grapes (Conventional);8;;Preharvest;;Spray 7 - Spreader;$0.63 ;;Spreader 4 oz./acre * $20/gal * 1 spray;http://publications.dyson.cornell.edu/outreach/extensionpdf/2014/Cornell-Dyson-eb1401.pdf;1693
15;Mixed Fruits & Vegetables;Grapes (Conventional);9;;Preharvest;;Spray 7 - Spreader;$0.63 ;;Spreader 4 oz./acre * $20/gal * 1 spray;http://publications.dyson.cornell.edu/outreach/extensionpdf/2014/Cornell-Dyson-eb1401.pdf;1694
15;Mixed Fruits & Vegetables;Grapes (Conventional);10;;Preharvest;;Spray 7 - Spreader;$0.63 ;;Spreader 4 oz./acre * $20/gal * 1 spray;http://publications.dyson.cornell.edu/outreach/extensionpdf/2014/Cornell-Dyson-eb1401.pdf;1695
15;Mixed Fruits & Vegetables;Grapes (Conventional);11;;Preharvest;;Spray 7 - Spreader;$0.63 ;;Spreader 4 oz./acre * $20/gal * 1 spray;http://publications.dyson.cornell.edu/outreach/extensionpdf/2014/Cornell-Dyson-eb1401.pdf;1696
15;Mixed Fruits & Vegetables;Grapes (Conventional);12;;Preharvest;;Spray 7 - Spreader;$0.63 ;;Spreader 4 oz./acre * $20/gal * 1 spray;http://publications.dyson.cornell.edu/outreach/extensionpdf/2014/Cornell-Dyson-eb1401.pdf;1697
15;Mixed Fruits & Vegetables;Grapes (Conventional);13;;Preharvest;;Spray 7 - Spreader;$0.63 ;;Spreader 4 oz./acre * $20/gal * 1 spray;http://publications.dyson.cornell.edu/outreach/extensionpdf/2014/Cornell-Dyson-eb1401.pdf;1698
15;Mixed Fruits & Vegetables;Grapes (Conventional);14;;Preharvest;;Spray 7 - Spreader;$0.63 ;;Spreader 4 oz./acre * $20/gal * 1 spray;http://publications.dyson.cornell.edu/outreach/extensionpdf/2014/Cornell-Dyson-eb1401.pdf;1699
15;Mixed Fruits & Vegetables;Grapes (Conventional);15;;Preharvest;;Spray 7 - Spreader;$0.63 ;;Spreader 4 oz./acre * $20/gal * 1 spray;http://publications.dyson.cornell.edu/outreach/extensionpdf/2014/Cornell-Dyson-eb1401.pdf;1700
15;Mixed Fruits & Vegetables;Grapes (Conventional);16;;Preharvest;;Spray 7 - Spreader;$0.63 ;;Spreader 4 oz./acre * $20/gal * 1 spray;http://publications.dyson.cornell.edu/outreach/extensionpdf/2014/Cornell-Dyson-eb1401.pdf;1701
15;Mixed Fruits & Vegetables;Grapes (Conventional);17;;Preharvest;;Spray 7 - Spreader;$0.63 ;;Spreader 4 oz./acre * $20/gal * 1 spray;http://publications.dyson.cornell.edu/outreach/extensionpdf/2014/Cornell-Dyson-eb1401.pdf;1702
15;Mixed Fruits & Vegetables;Grapes (Conventional);18;;Preharvest;;Spray 7 - Spreader;$0.63 ;;Spreader 4 oz./acre * $20/gal * 1 spray;http://publications.dyson.cornell.edu/outreach/extensionpdf/2014/Cornell-Dyson-eb1401.pdf;1703
15;Mixed Fruits & Vegetables;Grapes (Conventional);19;;Preharvest;;Spray 7 - Spreader;$0.63 ;;Spreader 4 oz./acre * $20/gal * 1 spray;http://publications.dyson.cornell.edu/outreach/extensionpdf/2014/Cornell-Dyson-eb1401.pdf;1704
15;Mixed Fruits & Vegetables;Grapes (Conventional);20;;Preharvest;;Spray 7 - Spreader;$0.63 ;;Spreader 4 oz./acre * $20/gal * 1 spray;http://publications.dyson.cornell.edu/outreach/extensionpdf/2014/Cornell-Dyson-eb1401.pdf;1705
15;Mixed Fruits & Vegetables;Grapes (Conventional);21;;Preharvest;;Spray 7 - Spreader;$0.63 ;;Spreader 4 oz./acre * $20/gal * 1 spray;http://publications.dyson.cornell.edu/outreach/extensionpdf/2014/Cornell-Dyson-eb1401.pdf;1706
15;Mixed Fruits & Vegetables;Grapes (Conventional);22;;Preharvest;;Spray 7 - Spreader;$0.63 ;;Spreader 4 oz./acre * $20/gal * 1 spray;http://publications.dyson.cornell.edu/outreach/extensionpdf/2014/Cornell-Dyson-eb1401.pdf;1707
15;Mixed Fruits & Vegetables;Grapes (Conventional);4;;Preharvest;;Spray 7 - Skilled Labor Costs;$12.00 ;;0.6 hours * $20/hour * 1 spray;;1708
15;Mixed Fruits & Vegetables;Grapes (Conventional);5;;Preharvest;;Spray 7 - Skilled Labor Costs;$12.00 ;;0.6 hours * $20/hour * 1 spray;;1709
15;Mixed Fruits & Vegetables;Grapes (Conventional);6;;Preharvest;;Spray 7 - Skilled Labor Costs;$12.00 ;;0.6 hours * $20/hour * 1 spray;;1710
15;Mixed Fruits & Vegetables;Grapes (Conventional);7;;Preharvest;;Spray 7 - Skilled Labor Costs;$12.00 ;;0.6 hours * $20/hour * 1 spray;;1711
15;Mixed Fruits & Vegetables;Grapes (Conventional);8;;Preharvest;;Spray 7 - Skilled Labor Costs;$12.00 ;;0.6 hours * $20/hour * 1 spray;;1712
15;Mixed Fruits & Vegetables;Grapes (Conventional);9;;Preharvest;;Spray 7 - Skilled Labor Costs;$12.00 ;;0.6 hours * $20/hour * 1 spray;;1713
15;Mixed Fruits & Vegetables;Grapes (Conventional);10;;Preharvest;;Spray 7 - Skilled Labor Costs;$12.00 ;;0.6 hours * $20/hour * 1 spray;;1714
15;Mixed Fruits & Vegetables;Grapes (Conventional);11;;Preharvest;;Spray 7 - Skilled Labor Costs;$12.00 ;;0.6 hours * $20/hour * 1 spray;;1715
15;Mixed Fruits & Vegetables;Grapes (Conventional);12;;Preharvest;;Spray 7 - Skilled Labor Costs;$12.00 ;;0.6 hours * $20/hour * 1 spray;;1716
15;Mixed Fruits & Vegetables;Grapes (Conventional);13;;Preharvest;;Spray 7 - Skilled Labor Costs;$12.00 ;;0.6 hours * $20/hour * 1 spray;;1717
15;Mixed Fruits & Vegetables;Grapes (Conventional);14;;Preharvest;;Spray 7 - Skilled Labor Costs;$12.00 ;;0.6 hours * $20/hour * 1 spray;;1718
15;Mixed Fruits & Vegetables;Grapes (Conventional);15;;Preharvest;;Spray 7 - Skilled Labor Costs;$12.00 ;;0.6 hours * $20/hour * 1 spray;;1719
15;Mixed Fruits & Vegetables;Grapes (Conventional);16;;Preharvest;;Spray 7 - Skilled Labor Costs;$12.00 ;;0.6 hours * $20/hour * 1 spray;;1720
15;Mixed Fruits & Vegetables;Grapes (Conventional);17;;Preharvest;;Spray 7 - Skilled Labor Costs;$12.00 ;;0.6 hours * $20/hour * 1 spray;;1721
15;Mixed Fruits & Vegetables;Grapes (Conventional);18;;Preharvest;;Spray 7 - Skilled Labor Costs;$12.00 ;;0.6 hours * $20/hour * 1 spray;;1722
15;Mixed Fruits & Vegetables;Grapes (Conventional);19;;Preharvest;;Spray 7 - Skilled Labor Costs;$12.00 ;;0.6 hours * $20/hour * 1 spray;;1723
15;Mixed Fruits & Vegetables;Grapes (Conventional);20;;Preharvest;;Spray 7 - Skilled Labor Costs;$12.00 ;;0.6 hours * $20/hour * 1 spray;;1724
15;Mixed Fruits & Vegetables;Grapes (Conventional);21;;Preharvest;;Spray 7 - Skilled Labor Costs;$12.00 ;;0.6 hours * $20/hour * 1 spray;;1725
15;Mixed Fruits & Vegetables;Grapes (Conventional);22;;Preharvest;;Spray 7 - Skilled Labor Costs;$12.00 ;;0.6 hours * $20/hour * 1 spray;;1726
15;Mixed Fruits & Vegetables;Grapes (Conventional);4;;Preharvest;;Spray 7 - Equipment Costs;$13.97 ;;??? $13.97 * 1 spray ???;;1727
15;Mixed Fruits & Vegetables;Grapes (Conventional);5;;Preharvest;;Spray 7 - Equipment Costs;$13.97 ;;??? $13.97 * 1 spray ???;;1728
15;Mixed Fruits & Vegetables;Grapes (Conventional);6;;Preharvest;;Spray 7 - Equipment Costs;$13.97 ;;??? $13.97 * 1 spray ???;;1729
15;Mixed Fruits & Vegetables;Grapes (Conventional);7;;Preharvest;;Spray 7 - Equipment Costs;$13.97 ;;??? $13.97 * 1 spray ???;;1730
15;Mixed Fruits & Vegetables;Grapes (Conventional);8;;Preharvest;;Spray 7 - Equipment Costs;$13.97 ;;??? $13.97 * 1 spray ???;;1731
15;Mixed Fruits & Vegetables;Grapes (Conventional);9;;Preharvest;;Spray 7 - Equipment Costs;$13.97 ;;??? $13.97 * 1 spray ???;;1732
15;Mixed Fruits & Vegetables;Grapes (Conventional);10;;Preharvest;;Spray 7 - Equipment Costs;$13.97 ;;??? $13.97 * 1 spray ???;;1733
15;Mixed Fruits & Vegetables;Grapes (Conventional);11;;Preharvest;;Spray 7 - Equipment Costs;$13.97 ;;??? $13.97 * 1 spray ???;;1734
15;Mixed Fruits & Vegetables;Grapes (Conventional);12;;Preharvest;;Spray 7 - Equipment Costs;$13.97 ;;??? $13.97 * 1 spray ???;;1735
15;Mixed Fruits & Vegetables;Grapes (Conventional);13;;Preharvest;;Spray 7 - Equipment Costs;$13.97 ;;??? $13.97 * 1 spray ???;;1736
15;Mixed Fruits & Vegetables;Grapes (Conventional);14;;Preharvest;;Spray 7 - Equipment Costs;$13.97 ;;??? $13.97 * 1 spray ???;;1737
15;Mixed Fruits & Vegetables;Grapes (Conventional);15;;Preharvest;;Spray 7 - Equipment Costs;$13.97 ;;??? $13.97 * 1 spray ???;;1738
15;Mixed Fruits & Vegetables;Grapes (Conventional);16;;Preharvest;;Spray 7 - Equipment Costs;$13.97 ;;??? $13.97 * 1 spray ???;;1739
15;Mixed Fruits & Vegetables;Grapes (Conventional);17;;Preharvest;;Spray 7 - Equipment Costs;$13.97 ;;??? $13.97 * 1 spray ???;;1740
15;Mixed Fruits & Vegetables;Grapes (Conventional);18;;Preharvest;;Spray 7 - Equipment Costs;$13.97 ;;??? $13.97 * 1 spray ???;;1741
15;Mixed Fruits & Vegetables;Grapes (Conventional);19;;Preharvest;;Spray 7 - Equipment Costs;$13.97 ;;??? $13.97 * 1 spray ???;;1742
15;Mixed Fruits & Vegetables;Grapes (Conventional);20;;Preharvest;;Spray 7 - Equipment Costs;$13.97 ;;??? $13.97 * 1 spray ???;;1743
15;Mixed Fruits & Vegetables;Grapes (Conventional);21;;Preharvest;;Spray 7 - Equipment Costs;$13.97 ;;??? $13.97 * 1 spray ???;;1744
15;Mixed Fruits & Vegetables;Grapes (Conventional);22;;Preharvest;;Spray 7 - Equipment Costs;$13.97 ;;??? $13.97 * 1 spray ???;;1745
15;Mixed Fruits & Vegetables;Grapes (Conventional);4;;Preharvest;;Spray 8 - Pristine 38WG;$40.63 ;;Pristine 38WG 12.5 fl oz/acre * $3.25/oz * 1 spray;http://publications.dyson.cornell.edu/outreach/extensionpdf/2014/Cornell-Dyson-eb1401.pdf;1746
15;Mixed Fruits & Vegetables;Grapes (Conventional);5;;Preharvest;;Spray 8 - Pristine 38WG;$40.63 ;;Pristine 38WG 12.5 fl oz/acre * $3.25/oz * 1 spray;http://publications.dyson.cornell.edu/outreach/extensionpdf/2014/Cornell-Dyson-eb1401.pdf;1747
15;Mixed Fruits & Vegetables;Grapes (Conventional);6;;Preharvest;;Spray 8 - Pristine 38WG;$40.63 ;;Pristine 38WG 12.5 fl oz/acre * $3.25/oz * 1 spray;http://publications.dyson.cornell.edu/outreach/extensionpdf/2014/Cornell-Dyson-eb1401.pdf;1748
15;Mixed Fruits & Vegetables;Grapes (Conventional);7;;Preharvest;;Spray 8 - Pristine 38WG;$40.63 ;;Pristine 38WG 12.5 fl oz/acre * $3.25/oz * 1 spray;http://publications.dyson.cornell.edu/outreach/extensionpdf/2014/Cornell-Dyson-eb1401.pdf;1749
15;Mixed Fruits & Vegetables;Grapes (Conventional);8;;Preharvest;;Spray 8 - Pristine 38WG;$40.63 ;;Pristine 38WG 12.5 fl oz/acre * $3.25/oz * 1 spray;http://publications.dyson.cornell.edu/outreach/extensionpdf/2014/Cornell-Dyson-eb1401.pdf;1750
15;Mixed Fruits & Vegetables;Grapes (Conventional);9;;Preharvest;;Spray 8 - Pristine 38WG;$40.63 ;;Pristine 38WG 12.5 fl oz/acre * $3.25/oz * 1 spray;http://publications.dyson.cornell.edu/outreach/extensionpdf/2014/Cornell-Dyson-eb1401.pdf;1751
15;Mixed Fruits & Vegetables;Grapes (Conventional);10;;Preharvest;;Spray 8 - Pristine 38WG;$40.63 ;;Pristine 38WG 12.5 fl oz/acre * $3.25/oz * 1 spray;http://publications.dyson.cornell.edu/outreach/extensionpdf/2014/Cornell-Dyson-eb1401.pdf;1752
15;Mixed Fruits & Vegetables;Grapes (Conventional);11;;Preharvest;;Spray 8 - Pristine 38WG;$40.63 ;;Pristine 38WG 12.5 fl oz/acre * $3.25/oz * 1 spray;http://publications.dyson.cornell.edu/outreach/extensionpdf/2014/Cornell-Dyson-eb1401.pdf;1753
15;Mixed Fruits & Vegetables;Grapes (Conventional);12;;Preharvest;;Spray 8 - Pristine 38WG;$40.63 ;;Pristine 38WG 12.5 fl oz/acre * $3.25/oz * 1 spray;http://publications.dyson.cornell.edu/outreach/extensionpdf/2014/Cornell-Dyson-eb1401.pdf;1754
15;Mixed Fruits & Vegetables;Grapes (Conventional);13;;Preharvest;;Spray 8 - Pristine 38WG;$40.63 ;;Pristine 38WG 12.5 fl oz/acre * $3.25/oz * 1 spray;http://publications.dyson.cornell.edu/outreach/extensionpdf/2014/Cornell-Dyson-eb1401.pdf;1755
15;Mixed Fruits & Vegetables;Grapes (Conventional);14;;Preharvest;;Spray 8 - Pristine 38WG;$40.63 ;;Pristine 38WG 12.5 fl oz/acre * $3.25/oz * 1 spray;http://publications.dyson.cornell.edu/outreach/extensionpdf/2014/Cornell-Dyson-eb1401.pdf;1756
15;Mixed Fruits & Vegetables;Grapes (Conventional);15;;Preharvest;;Spray 8 - Pristine 38WG;$40.63 ;;Pristine 38WG 12.5 fl oz/acre * $3.25/oz * 1 spray;http://publications.dyson.cornell.edu/outreach/extensionpdf/2014/Cornell-Dyson-eb1401.pdf;1757
15;Mixed Fruits & Vegetables;Grapes (Conventional);16;;Preharvest;;Spray 8 - Pristine 38WG;$40.63 ;;Pristine 38WG 12.5 fl oz/acre * $3.25/oz * 1 spray;http://publications.dyson.cornell.edu/outreach/extensionpdf/2014/Cornell-Dyson-eb1401.pdf;1758
15;Mixed Fruits & Vegetables;Grapes (Conventional);17;;Preharvest;;Spray 8 - Pristine 38WG;$40.63 ;;Pristine 38WG 12.5 fl oz/acre * $3.25/oz * 1 spray;http://publications.dyson.cornell.edu/outreach/extensionpdf/2014/Cornell-Dyson-eb1401.pdf;1759
15;Mixed Fruits & Vegetables;Grapes (Conventional);18;;Preharvest;;Spray 8 - Pristine 38WG;$40.63 ;;Pristine 38WG 12.5 fl oz/acre * $3.25/oz * 1 spray;http://publications.dyson.cornell.edu/outreach/extensionpdf/2014/Cornell-Dyson-eb1401.pdf;1760
15;Mixed Fruits & Vegetables;Grapes (Conventional);19;;Preharvest;;Spray 8 - Pristine 38WG;$40.63 ;;Pristine 38WG 12.5 fl oz/acre * $3.25/oz * 1 spray;http://publications.dyson.cornell.edu/outreach/extensionpdf/2014/Cornell-Dyson-eb1401.pdf;1761
15;Mixed Fruits & Vegetables;Grapes (Conventional);20;;Preharvest;;Spray 8 - Pristine 38WG;$40.63 ;;Pristine 38WG 12.5 fl oz/acre * $3.25/oz * 1 spray;http://publications.dyson.cornell.edu/outreach/extensionpdf/2014/Cornell-Dyson-eb1401.pdf;1762
15;Mixed Fruits & Vegetables;Grapes (Conventional);21;;Preharvest;;Spray 8 - Pristine 38WG;$40.63 ;;Pristine 38WG 12.5 fl oz/acre * $3.25/oz * 1 spray;http://publications.dyson.cornell.edu/outreach/extensionpdf/2014/Cornell-Dyson-eb1401.pdf;1763
15;Mixed Fruits & Vegetables;Grapes (Conventional);22;;Preharvest;;Spray 8 - Pristine 38WG;$40.63 ;;Pristine 38WG 12.5 fl oz/acre * $3.25/oz * 1 spray;http://publications.dyson.cornell.edu/outreach/extensionpdf/2014/Cornell-Dyson-eb1401.pdf;1764
15;Mixed Fruits & Vegetables;Grapes (Conventional);4;;Preharvest;;Spray 8 - Sulfur;$2.50 ;;Sulfur 5 lbs/acre * $0.50/lb * 1 spray;http://publications.dyson.cornell.edu/outreach/extensionpdf/2014/Cornell-Dyson-eb1401.pdf;1765
15;Mixed Fruits & Vegetables;Grapes (Conventional);5;;Preharvest;;Spray 8 - Sulfur;$2.50 ;;Sulfur 5 lbs/acre * $0.50/lb * 1 spray;http://publications.dyson.cornell.edu/outreach/extensionpdf/2014/Cornell-Dyson-eb1401.pdf;1766
15;Mixed Fruits & Vegetables;Grapes (Conventional);6;;Preharvest;;Spray 8 - Sulfur;$2.50 ;;Sulfur 5 lbs/acre * $0.50/lb * 1 spray;http://publications.dyson.cornell.edu/outreach/extensionpdf/2014/Cornell-Dyson-eb1401.pdf;1767
15;Mixed Fruits & Vegetables;Grapes (Conventional);7;;Preharvest;;Spray 8 - Sulfur;$2.50 ;;Sulfur 5 lbs/acre * $0.50/lb * 1 spray;http://publications.dyson.cornell.edu/outreach/extensionpdf/2014/Cornell-Dyson-eb1401.pdf;1768
15;Mixed Fruits & Vegetables;Grapes (Conventional);8;;Preharvest;;Spray 8 - Sulfur;$2.50 ;;Sulfur 5 lbs/acre * $0.50/lb * 1 spray;http://publications.dyson.cornell.edu/outreach/extensionpdf/2014/Cornell-Dyson-eb1401.pdf;1769
15;Mixed Fruits & Vegetables;Grapes (Conventional);9;;Preharvest;;Spray 8 - Sulfur;$2.50 ;;Sulfur 5 lbs/acre * $0.50/lb * 1 spray;http://publications.dyson.cornell.edu/outreach/extensionpdf/2014/Cornell-Dyson-eb1401.pdf;1770
15;Mixed Fruits & Vegetables;Grapes (Conventional);10;;Preharvest;;Spray 8 - Sulfur;$2.50 ;;Sulfur 5 lbs/acre * $0.50/lb * 1 spray;http://publications.dyson.cornell.edu/outreach/extensionpdf/2014/Cornell-Dyson-eb1401.pdf;1771
15;Mixed Fruits & Vegetables;Grapes (Conventional);11;;Preharvest;;Spray 8 - Sulfur;$2.50 ;;Sulfur 5 lbs/acre * $0.50/lb * 1 spray;http://publications.dyson.cornell.edu/outreach/extensionpdf/2014/Cornell-Dyson-eb1401.pdf;1772
15;Mixed Fruits & Vegetables;Grapes (Conventional);12;;Preharvest;;Spray 8 - Sulfur;$2.50 ;;Sulfur 5 lbs/acre * $0.50/lb * 1 spray;http://publications.dyson.cornell.edu/outreach/extensionpdf/2014/Cornell-Dyson-eb1401.pdf;1773
15;Mixed Fruits & Vegetables;Grapes (Conventional);13;;Preharvest;;Spray 8 - Sulfur;$2.50 ;;Sulfur 5 lbs/acre * $0.50/lb * 1 spray;http://publications.dyson.cornell.edu/outreach/extensionpdf/2014/Cornell-Dyson-eb1401.pdf;1774
15;Mixed Fruits & Vegetables;Grapes (Conventional);14;;Preharvest;;Spray 8 - Sulfur;$2.50 ;;Sulfur 5 lbs/acre * $0.50/lb * 1 spray;http://publications.dyson.cornell.edu/outreach/extensionpdf/2014/Cornell-Dyson-eb1401.pdf;1775
15;Mixed Fruits & Vegetables;Grapes (Conventional);15;;Preharvest;;Spray 8 - Sulfur;$2.50 ;;Sulfur 5 lbs/acre * $0.50/lb * 1 spray;http://publications.dyson.cornell.edu/outreach/extensionpdf/2014/Cornell-Dyson-eb1401.pdf;1776
15;Mixed Fruits & Vegetables;Grapes (Conventional);16;;Preharvest;;Spray 8 - Sulfur;$2.50 ;;Sulfur 5 lbs/acre * $0.50/lb * 1 spray;http://publications.dyson.cornell.edu/outreach/extensionpdf/2014/Cornell-Dyson-eb1401.pdf;1777
15;Mixed Fruits & Vegetables;Grapes (Conventional);17;;Preharvest;;Spray 8 - Sulfur;$2.50 ;;Sulfur 5 lbs/acre * $0.50/lb * 1 spray;http://publications.dyson.cornell.edu/outreach/extensionpdf/2014/Cornell-Dyson-eb1401.pdf;1778
15;Mixed Fruits & Vegetables;Grapes (Conventional);18;;Preharvest;;Spray 8 - Sulfur;$2.50 ;;Sulfur 5 lbs/acre * $0.50/lb * 1 spray;http://publications.dyson.cornell.edu/outreach/extensionpdf/2014/Cornell-Dyson-eb1401.pdf;1779
15;Mixed Fruits & Vegetables;Grapes (Conventional);19;;Preharvest;;Spray 8 - Sulfur;$2.50 ;;Sulfur 5 lbs/acre * $0.50/lb * 1 spray;http://publications.dyson.cornell.edu/outreach/extensionpdf/2014/Cornell-Dyson-eb1401.pdf;1780
15;Mixed Fruits & Vegetables;Grapes (Conventional);20;;Preharvest;;Spray 8 - Sulfur;$2.50 ;;Sulfur 5 lbs/acre * $0.50/lb * 1 spray;http://publications.dyson.cornell.edu/outreach/extensionpdf/2014/Cornell-Dyson-eb1401.pdf;1781
15;Mixed Fruits & Vegetables;Grapes (Conventional);21;;Preharvest;;Spray 8 - Sulfur;$2.50 ;;Sulfur 5 lbs/acre * $0.50/lb * 1 spray;http://publications.dyson.cornell.edu/outreach/extensionpdf/2014/Cornell-Dyson-eb1401.pdf;1782
15;Mixed Fruits & Vegetables;Grapes (Conventional);22;;Preharvest;;Spray 8 - Sulfur;$2.50 ;;Sulfur 5 lbs/acre * $0.50/lb * 1 spray;http://publications.dyson.cornell.edu/outreach/extensionpdf/2014/Cornell-Dyson-eb1401.pdf;1783
15;Mixed Fruits & Vegetables;Grapes (Conventional);4;;Preharvest;;Spray 8 - ProPhyt;$7.90 ;;ProPhyt 2.5 pt/acre * $3.16/pt * 1 spray;http://publications.dyson.cornell.edu/outreach/extensionpdf/2014/Cornell-Dyson-eb1401.pdf;1784
15;Mixed Fruits & Vegetables;Grapes (Conventional);5;;Preharvest;;Spray 8 - ProPhyt;$7.90 ;;ProPhyt 2.5 pt/acre * $3.16/pt * 1 spray;http://publications.dyson.cornell.edu/outreach/extensionpdf/2014/Cornell-Dyson-eb1401.pdf;1785
15;Mixed Fruits & Vegetables;Grapes (Conventional);6;;Preharvest;;Spray 8 - ProPhyt;$7.90 ;;ProPhyt 2.5 pt/acre * $3.16/pt * 1 spray;http://publications.dyson.cornell.edu/outreach/extensionpdf/2014/Cornell-Dyson-eb1401.pdf;1786
15;Mixed Fruits & Vegetables;Grapes (Conventional);7;;Preharvest;;Spray 8 - ProPhyt;$7.90 ;;ProPhyt 2.5 pt/acre * $3.16/pt * 1 spray;http://publications.dyson.cornell.edu/outreach/extensionpdf/2014/Cornell-Dyson-eb1401.pdf;1787
15;Mixed Fruits & Vegetables;Grapes (Conventional);8;;Preharvest;;Spray 8 - ProPhyt;$7.90 ;;ProPhyt 2.5 pt/acre * $3.16/pt * 1 spray;http://publications.dyson.cornell.edu/outreach/extensionpdf/2014/Cornell-Dyson-eb1401.pdf;1788
15;Mixed Fruits & Vegetables;Grapes (Conventional);9;;Preharvest;;Spray 8 - ProPhyt;$7.90 ;;ProPhyt 2.5 pt/acre * $3.16/pt * 1 spray;http://publications.dyson.cornell.edu/outreach/extensionpdf/2014/Cornell-Dyson-eb1401.pdf;1789
15;Mixed Fruits & Vegetables;Grapes (Conventional);10;;Preharvest;;Spray 8 - ProPhyt;$7.90 ;;ProPhyt 2.5 pt/acre * $3.16/pt * 1 spray;http://publications.dyson.cornell.edu/outreach/extensionpdf/2014/Cornell-Dyson-eb1401.pdf;1790
15;Mixed Fruits & Vegetables;Grapes (Conventional);11;;Preharvest;;Spray 8 - ProPhyt;$7.90 ;;ProPhyt 2.5 pt/acre * $3.16/pt * 1 spray;http://publications.dyson.cornell.edu/outreach/extensionpdf/2014/Cornell-Dyson-eb1401.pdf;1791
15;Mixed Fruits & Vegetables;Grapes (Conventional);12;;Preharvest;;Spray 8 - ProPhyt;$7.90 ;;ProPhyt 2.5 pt/acre * $3.16/pt * 1 spray;http://publications.dyson.cornell.edu/outreach/extensionpdf/2014/Cornell-Dyson-eb1401.pdf;1792
15;Mixed Fruits & Vegetables;Grapes (Conventional);13;;Preharvest;;Spray 8 - ProPhyt;$7.90 ;;ProPhyt 2.5 pt/acre * $3.16/pt * 1 spray;http://publications.dyson.cornell.edu/outreach/extensionpdf/2014/Cornell-Dyson-eb1401.pdf;1793
15;Mixed Fruits & Vegetables;Grapes (Conventional);14;;Preharvest;;Spray 8 - ProPhyt;$7.90 ;;ProPhyt 2.5 pt/acre * $3.16/pt * 1 spray;http://publications.dyson.cornell.edu/outreach/extensionpdf/2014/Cornell-Dyson-eb1401.pdf;1794
15;Mixed Fruits & Vegetables;Grapes (Conventional);15;;Preharvest;;Spray 8 - ProPhyt;$7.90 ;;ProPhyt 2.5 pt/acre * $3.16/pt * 1 spray;http://publications.dyson.cornell.edu/outreach/extensionpdf/2014/Cornell-Dyson-eb1401.pdf;1795
15;Mixed Fruits & Vegetables;Grapes (Conventional);16;;Preharvest;;Spray 8 - ProPhyt;$7.90 ;;ProPhyt 2.5 pt/acre * $3.16/pt * 1 spray;http://publications.dyson.cornell.edu/outreach/extensionpdf/2014/Cornell-Dyson-eb1401.pdf;1796
15;Mixed Fruits & Vegetables;Grapes (Conventional);17;;Preharvest;;Spray 8 - ProPhyt;$7.90 ;;ProPhyt 2.5 pt/acre * $3.16/pt * 1 spray;http://publications.dyson.cornell.edu/outreach/extensionpdf/2014/Cornell-Dyson-eb1401.pdf;1797
15;Mixed Fruits & Vegetables;Grapes (Conventional);18;;Preharvest;;Spray 8 - ProPhyt;$7.90 ;;ProPhyt 2.5 pt/acre * $3.16/pt * 1 spray;http://publications.dyson.cornell.edu/outreach/extensionpdf/2014/Cornell-Dyson-eb1401.pdf;1798
15;Mixed Fruits & Vegetables;Grapes (Conventional);19;;Preharvest;;Spray 8 - ProPhyt;$7.90 ;;ProPhyt 2.5 pt/acre * $3.16/pt * 1 spray;http://publications.dyson.cornell.edu/outreach/extensionpdf/2014/Cornell-Dyson-eb1401.pdf;1799
15;Mixed Fruits & Vegetables;Grapes (Conventional);20;;Preharvest;;Spray 8 - ProPhyt;$7.90 ;;ProPhyt 2.5 pt/acre * $3.16/pt * 1 spray;http://publications.dyson.cornell.edu/outreach/extensionpdf/2014/Cornell-Dyson-eb1401.pdf;1800
15;Mixed Fruits & Vegetables;Grapes (Conventional);21;;Preharvest;;Spray 8 - ProPhyt;$7.90 ;;ProPhyt 2.5 pt/acre * $3.16/pt * 1 spray;http://publications.dyson.cornell.edu/outreach/extensionpdf/2014/Cornell-Dyson-eb1401.pdf;1801
15;Mixed Fruits & Vegetables;Grapes (Conventional);22;;Preharvest;;Spray 8 - ProPhyt;$7.90 ;;ProPhyt 2.5 pt/acre * $3.16/pt * 1 spray;http://publications.dyson.cornell.edu/outreach/extensionpdf/2014/Cornell-Dyson-eb1401.pdf;1802
15;Mixed Fruits & Vegetables;Grapes (Conventional);4;;Preharvest;;Spray 8 - Skilled Labor Costs;$12.00 ;;0.6 hours * $20/hour * 1 spray;;1803
15;Mixed Fruits & Vegetables;Grapes (Conventional);5;;Preharvest;;Spray 8 - Skilled Labor Costs;$12.00 ;;0.6 hours * $20/hour * 1 spray;;1804
15;Mixed Fruits & Vegetables;Grapes (Conventional);6;;Preharvest;;Spray 8 - Skilled Labor Costs;$12.00 ;;0.6 hours * $20/hour * 1 spray;;1805
15;Mixed Fruits & Vegetables;Grapes (Conventional);7;;Preharvest;;Spray 8 - Skilled Labor Costs;$12.00 ;;0.6 hours * $20/hour * 1 spray;;1806
15;Mixed Fruits & Vegetables;Grapes (Conventional);8;;Preharvest;;Spray 8 - Skilled Labor Costs;$12.00 ;;0.6 hours * $20/hour * 1 spray;;1807
15;Mixed Fruits & Vegetables;Grapes (Conventional);9;;Preharvest;;Spray 8 - Skilled Labor Costs;$12.00 ;;0.6 hours * $20/hour * 1 spray;;1808
15;Mixed Fruits & Vegetables;Grapes (Conventional);10;;Preharvest;;Spray 8 - Skilled Labor Costs;$12.00 ;;0.6 hours * $20/hour * 1 spray;;1809
15;Mixed Fruits & Vegetables;Grapes (Conventional);11;;Preharvest;;Spray 8 - Skilled Labor Costs;$12.00 ;;0.6 hours * $20/hour * 1 spray;;1810
15;Mixed Fruits & Vegetables;Grapes (Conventional);12;;Preharvest;;Spray 8 - Skilled Labor Costs;$12.00 ;;0.6 hours * $20/hour * 1 spray;;1811
15;Mixed Fruits & Vegetables;Grapes (Conventional);13;;Preharvest;;Spray 8 - Skilled Labor Costs;$12.00 ;;0.6 hours * $20/hour * 1 spray;;1812
15;Mixed Fruits & Vegetables;Grapes (Conventional);14;;Preharvest;;Spray 8 - Skilled Labor Costs;$12.00 ;;0.6 hours * $20/hour * 1 spray;;1813
15;Mixed Fruits & Vegetables;Grapes (Conventional);15;;Preharvest;;Spray 8 - Skilled Labor Costs;$12.00 ;;0.6 hours * $20/hour * 1 spray;;1814
15;Mixed Fruits & Vegetables;Grapes (Conventional);16;;Preharvest;;Spray 8 - Skilled Labor Costs;$12.00 ;;0.6 hours * $20/hour * 1 spray;;1815
15;Mixed Fruits & Vegetables;Grapes (Conventional);17;;Preharvest;;Spray 8 - Skilled Labor Costs;$12.00 ;;0.6 hours * $20/hour * 1 spray;;1816
15;Mixed Fruits & Vegetables;Grapes (Conventional);18;;Preharvest;;Spray 8 - Skilled Labor Costs;$12.00 ;;0.6 hours * $20/hour * 1 spray;;1817
15;Mixed Fruits & Vegetables;Grapes (Conventional);19;;Preharvest;;Spray 8 - Skilled Labor Costs;$12.00 ;;0.6 hours * $20/hour * 1 spray;;1818
15;Mixed Fruits & Vegetables;Grapes (Conventional);20;;Preharvest;;Spray 8 - Skilled Labor Costs;$12.00 ;;0.6 hours * $20/hour * 1 spray;;1819
15;Mixed Fruits & Vegetables;Grapes (Conventional);21;;Preharvest;;Spray 8 - Skilled Labor Costs;$12.00 ;;0.6 hours * $20/hour * 1 spray;;1820
15;Mixed Fruits & Vegetables;Grapes (Conventional);22;;Preharvest;;Spray 8 - Skilled Labor Costs;$12.00 ;;0.6 hours * $20/hour * 1 spray;;1821
15;Mixed Fruits & Vegetables;Grapes (Conventional);4;;Preharvest;;Spray 8 - Equipment Costs;$13.97 ;;??? $13.97 * 1 spray ???;;1822
15;Mixed Fruits & Vegetables;Grapes (Conventional);5;;Preharvest;;Spray 8 - Equipment Costs;$13.97 ;;??? $13.97 * 1 spray ???;;1823
15;Mixed Fruits & Vegetables;Grapes (Conventional);6;;Preharvest;;Spray 8 - Equipment Costs;$13.97 ;;??? $13.97 * 1 spray ???;;1824
15;Mixed Fruits & Vegetables;Grapes (Conventional);7;;Preharvest;;Spray 8 - Equipment Costs;$13.97 ;;??? $13.97 * 1 spray ???;;1825
15;Mixed Fruits & Vegetables;Grapes (Conventional);8;;Preharvest;;Spray 8 - Equipment Costs;$13.97 ;;??? $13.97 * 1 spray ???;;1826
15;Mixed Fruits & Vegetables;Grapes (Conventional);9;;Preharvest;;Spray 8 - Equipment Costs;$13.97 ;;??? $13.97 * 1 spray ???;;1827
15;Mixed Fruits & Vegetables;Grapes (Conventional);10;;Preharvest;;Spray 8 - Equipment Costs;$13.97 ;;??? $13.97 * 1 spray ???;;1828
15;Mixed Fruits & Vegetables;Grapes (Conventional);11;;Preharvest;;Spray 8 - Equipment Costs;$13.97 ;;??? $13.97 * 1 spray ???;;1829
15;Mixed Fruits & Vegetables;Grapes (Conventional);12;;Preharvest;;Spray 8 - Equipment Costs;$13.97 ;;??? $13.97 * 1 spray ???;;1830
15;Mixed Fruits & Vegetables;Grapes (Conventional);13;;Preharvest;;Spray 8 - Equipment Costs;$13.97 ;;??? $13.97 * 1 spray ???;;1831
15;Mixed Fruits & Vegetables;Grapes (Conventional);14;;Preharvest;;Spray 8 - Equipment Costs;$13.97 ;;??? $13.97 * 1 spray ???;;1832
15;Mixed Fruits & Vegetables;Grapes (Conventional);15;;Preharvest;;Spray 8 - Equipment Costs;$13.97 ;;??? $13.97 * 1 spray ???;;1833
15;Mixed Fruits & Vegetables;Grapes (Conventional);16;;Preharvest;;Spray 8 - Equipment Costs;$13.97 ;;??? $13.97 * 1 spray ???;;1834
15;Mixed Fruits & Vegetables;Grapes (Conventional);17;;Preharvest;;Spray 8 - Equipment Costs;$13.97 ;;??? $13.97 * 1 spray ???;;1835
15;Mixed Fruits & Vegetables;Grapes (Conventional);18;;Preharvest;;Spray 8 - Equipment Costs;$13.97 ;;??? $13.97 * 1 spray ???;;1836
15;Mixed Fruits & Vegetables;Grapes (Conventional);19;;Preharvest;;Spray 8 - Equipment Costs;$13.97 ;;??? $13.97 * 1 spray ???;;1837
15;Mixed Fruits & Vegetables;Grapes (Conventional);20;;Preharvest;;Spray 8 - Equipment Costs;$13.97 ;;??? $13.97 * 1 spray ???;;1838
15;Mixed Fruits & Vegetables;Grapes (Conventional);21;;Preharvest;;Spray 8 - Equipment Costs;$13.97 ;;??? $13.97 * 1 spray ???;;1839
15;Mixed Fruits & Vegetables;Grapes (Conventional);22;;Preharvest;;Spray 8 - Equipment Costs;$13.97 ;;??? $13.97 * 1 spray ???;;1840
15;Mixed Fruits & Vegetables;Grapes (Conventional);4;;Preharvest;;Spray 9-10 - Sulfur;$8.00 ;;Sulfur 8 lbs/acre * $0.50/lb * 2 spray;http://publications.dyson.cornell.edu/outreach/extensionpdf/2014/Cornell-Dyson-eb1401.pdf;1841
15;Mixed Fruits & Vegetables;Grapes (Conventional);5;;Preharvest;;Spray 9-10 - Sulfur;$8.00 ;;Sulfur 8 lbs/acre * $0.50/lb * 2 spray;http://publications.dyson.cornell.edu/outreach/extensionpdf/2014/Cornell-Dyson-eb1401.pdf;1842
15;Mixed Fruits & Vegetables;Grapes (Conventional);6;;Preharvest;;Spray 9-10 - Sulfur;$8.00 ;;Sulfur 8 lbs/acre * $0.50/lb * 2 spray;http://publications.dyson.cornell.edu/outreach/extensionpdf/2014/Cornell-Dyson-eb1401.pdf;1843
15;Mixed Fruits & Vegetables;Grapes (Conventional);7;;Preharvest;;Spray 9-10 - Sulfur;$8.00 ;;Sulfur 8 lbs/acre * $0.50/lb * 2 spray;http://publications.dyson.cornell.edu/outreach/extensionpdf/2014/Cornell-Dyson-eb1401.pdf;1844
15;Mixed Fruits & Vegetables;Grapes (Conventional);8;;Preharvest;;Spray 9-10 - Sulfur;$8.00 ;;Sulfur 8 lbs/acre * $0.50/lb * 2 spray;http://publications.dyson.cornell.edu/outreach/extensionpdf/2014/Cornell-Dyson-eb1401.pdf;1845
15;Mixed Fruits & Vegetables;Grapes (Conventional);9;;Preharvest;;Spray 9-10 - Sulfur;$8.00 ;;Sulfur 8 lbs/acre * $0.50/lb * 2 spray;http://publications.dyson.cornell.edu/outreach/extensionpdf/2014/Cornell-Dyson-eb1401.pdf;1846
15;Mixed Fruits & Vegetables;Grapes (Conventional);10;;Preharvest;;Spray 9-10 - Sulfur;$8.00 ;;Sulfur 8 lbs/acre * $0.50/lb * 2 spray;http://publications.dyson.cornell.edu/outreach/extensionpdf/2014/Cornell-Dyson-eb1401.pdf;1847
15;Mixed Fruits & Vegetables;Grapes (Conventional);11;;Preharvest;;Spray 9-10 - Sulfur;$8.00 ;;Sulfur 8 lbs/acre * $0.50/lb * 2 spray;http://publications.dyson.cornell.edu/outreach/extensionpdf/2014/Cornell-Dyson-eb1401.pdf;1848
15;Mixed Fruits & Vegetables;Grapes (Conventional);12;;Preharvest;;Spray 9-10 - Sulfur;$8.00 ;;Sulfur 8 lbs/acre * $0.50/lb * 2 spray;http://publications.dyson.cornell.edu/outreach/extensionpdf/2014/Cornell-Dyson-eb1401.pdf;1849
15;Mixed Fruits & Vegetables;Grapes (Conventional);13;;Preharvest;;Spray 9-10 - Sulfur;$8.00 ;;Sulfur 8 lbs/acre * $0.50/lb * 2 spray;http://publications.dyson.cornell.edu/outreach/extensionpdf/2014/Cornell-Dyson-eb1401.pdf;1850
15;Mixed Fruits & Vegetables;Grapes (Conventional);14;;Preharvest;;Spray 9-10 - Sulfur;$8.00 ;;Sulfur 8 lbs/acre * $0.50/lb * 2 spray;http://publications.dyson.cornell.edu/outreach/extensionpdf/2014/Cornell-Dyson-eb1401.pdf;1851
15;Mixed Fruits & Vegetables;Grapes (Conventional);15;;Preharvest;;Spray 9-10 - Sulfur;$8.00 ;;Sulfur 8 lbs/acre * $0.50/lb * 2 spray;http://publications.dyson.cornell.edu/outreach/extensionpdf/2014/Cornell-Dyson-eb1401.pdf;1852
15;Mixed Fruits & Vegetables;Grapes (Conventional);16;;Preharvest;;Spray 9-10 - Sulfur;$8.00 ;;Sulfur 8 lbs/acre * $0.50/lb * 2 spray;http://publications.dyson.cornell.edu/outreach/extensionpdf/2014/Cornell-Dyson-eb1401.pdf;1853
15;Mixed Fruits & Vegetables;Grapes (Conventional);17;;Preharvest;;Spray 9-10 - Sulfur;$8.00 ;;Sulfur 8 lbs/acre * $0.50/lb * 2 spray;http://publications.dyson.cornell.edu/outreach/extensionpdf/2014/Cornell-Dyson-eb1401.pdf;1854
15;Mixed Fruits & Vegetables;Grapes (Conventional);18;;Preharvest;;Spray 9-10 - Sulfur;$8.00 ;;Sulfur 8 lbs/acre * $0.50/lb * 2 spray;http://publications.dyson.cornell.edu/outreach/extensionpdf/2014/Cornell-Dyson-eb1401.pdf;1855
15;Mixed Fruits & Vegetables;Grapes (Conventional);19;;Preharvest;;Spray 9-10 - Sulfur;$8.00 ;;Sulfur 8 lbs/acre * $0.50/lb * 2 spray;http://publications.dyson.cornell.edu/outreach/extensionpdf/2014/Cornell-Dyson-eb1401.pdf;1856
15;Mixed Fruits & Vegetables;Grapes (Conventional);20;;Preharvest;;Spray 9-10 - Sulfur;$8.00 ;;Sulfur 8 lbs/acre * $0.50/lb * 2 spray;http://publications.dyson.cornell.edu/outreach/extensionpdf/2014/Cornell-Dyson-eb1401.pdf;1857
15;Mixed Fruits & Vegetables;Grapes (Conventional);21;;Preharvest;;Spray 9-10 - Sulfur;$8.00 ;;Sulfur 8 lbs/acre * $0.50/lb * 2 spray;http://publications.dyson.cornell.edu/outreach/extensionpdf/2014/Cornell-Dyson-eb1401.pdf;1858
15;Mixed Fruits & Vegetables;Grapes (Conventional);22;;Preharvest;;Spray 9-10 - Sulfur;$8.00 ;;Sulfur 8 lbs/acre * $0.50/lb * 2 spray;http://publications.dyson.cornell.edu/outreach/extensionpdf/2014/Cornell-Dyson-eb1401.pdf;1859
15;Mixed Fruits & Vegetables;Grapes (Conventional);4;;Preharvest;;Spray 9-10 - ProPhyt;$15.80 ;;ProPhyt 2.5 pt/acre * $3.16/pt * 2 spray;http://publications.dyson.cornell.edu/outreach/extensionpdf/2014/Cornell-Dyson-eb1401.pdf;1860
15;Mixed Fruits & Vegetables;Grapes (Conventional);5;;Preharvest;;Spray 9-10 - ProPhyt;$15.80 ;;ProPhyt 2.5 pt/acre * $3.16/pt * 2 spray;http://publications.dyson.cornell.edu/outreach/extensionpdf/2014/Cornell-Dyson-eb1401.pdf;1861
15;Mixed Fruits & Vegetables;Grapes (Conventional);6;;Preharvest;;Spray 9-10 - ProPhyt;$15.80 ;;ProPhyt 2.5 pt/acre * $3.16/pt * 2 spray;http://publications.dyson.cornell.edu/outreach/extensionpdf/2014/Cornell-Dyson-eb1401.pdf;1862
15;Mixed Fruits & Vegetables;Grapes (Conventional);7;;Preharvest;;Spray 9-10 - ProPhyt;$15.80 ;;ProPhyt 2.5 pt/acre * $3.16/pt * 2 spray;http://publications.dyson.cornell.edu/outreach/extensionpdf/2014/Cornell-Dyson-eb1401.pdf;1863
15;Mixed Fruits & Vegetables;Grapes (Conventional);8;;Preharvest;;Spray 9-10 - ProPhyt;$15.80 ;;ProPhyt 2.5 pt/acre * $3.16/pt * 2 spray;http://publications.dyson.cornell.edu/outreach/extensionpdf/2014/Cornell-Dyson-eb1401.pdf;1864
15;Mixed Fruits & Vegetables;Grapes (Conventional);9;;Preharvest;;Spray 9-10 - ProPhyt;$15.80 ;;ProPhyt 2.5 pt/acre * $3.16/pt * 2 spray;http://publications.dyson.cornell.edu/outreach/extensionpdf/2014/Cornell-Dyson-eb1401.pdf;1865
15;Mixed Fruits & Vegetables;Grapes (Conventional);10;;Preharvest;;Spray 9-10 - ProPhyt;$15.80 ;;ProPhyt 2.5 pt/acre * $3.16/pt * 2 spray;http://publications.dyson.cornell.edu/outreach/extensionpdf/2014/Cornell-Dyson-eb1401.pdf;1866
15;Mixed Fruits & Vegetables;Grapes (Conventional);11;;Preharvest;;Spray 9-10 - ProPhyt;$15.80 ;;ProPhyt 2.5 pt/acre * $3.16/pt * 2 spray;http://publications.dyson.cornell.edu/outreach/extensionpdf/2014/Cornell-Dyson-eb1401.pdf;1867
15;Mixed Fruits & Vegetables;Grapes (Conventional);12;;Preharvest;;Spray 9-10 - ProPhyt;$15.80 ;;ProPhyt 2.5 pt/acre * $3.16/pt * 2 spray;http://publications.dyson.cornell.edu/outreach/extensionpdf/2014/Cornell-Dyson-eb1401.pdf;1868
15;Mixed Fruits & Vegetables;Grapes (Conventional);13;;Preharvest;;Spray 9-10 - ProPhyt;$15.80 ;;ProPhyt 2.5 pt/acre * $3.16/pt * 2 spray;http://publications.dyson.cornell.edu/outreach/extensionpdf/2014/Cornell-Dyson-eb1401.pdf;1869
15;Mixed Fruits & Vegetables;Grapes (Conventional);14;;Preharvest;;Spray 9-10 - ProPhyt;$15.80 ;;ProPhyt 2.5 pt/acre * $3.16/pt * 2 spray;http://publications.dyson.cornell.edu/outreach/extensionpdf/2014/Cornell-Dyson-eb1401.pdf;1870
15;Mixed Fruits & Vegetables;Grapes (Conventional);15;;Preharvest;;Spray 9-10 - ProPhyt;$15.80 ;;ProPhyt 2.5 pt/acre * $3.16/pt * 2 spray;http://publications.dyson.cornell.edu/outreach/extensionpdf/2014/Cornell-Dyson-eb1401.pdf;1871
15;Mixed Fruits & Vegetables;Grapes (Conventional);16;;Preharvest;;Spray 9-10 - ProPhyt;$15.80 ;;ProPhyt 2.5 pt/acre * $3.16/pt * 2 spray;http://publications.dyson.cornell.edu/outreach/extensionpdf/2014/Cornell-Dyson-eb1401.pdf;1872
15;Mixed Fruits & Vegetables;Grapes (Conventional);17;;Preharvest;;Spray 9-10 - ProPhyt;$15.80 ;;ProPhyt 2.5 pt/acre * $3.16/pt * 2 spray;http://publications.dyson.cornell.edu/outreach/extensionpdf/2014/Cornell-Dyson-eb1401.pdf;1873
15;Mixed Fruits & Vegetables;Grapes (Conventional);18;;Preharvest;;Spray 9-10 - ProPhyt;$15.80 ;;ProPhyt 2.5 pt/acre * $3.16/pt * 2 spray;http://publications.dyson.cornell.edu/outreach/extensionpdf/2014/Cornell-Dyson-eb1401.pdf;1874
15;Mixed Fruits & Vegetables;Grapes (Conventional);19;;Preharvest;;Spray 9-10 - ProPhyt;$15.80 ;;ProPhyt 2.5 pt/acre * $3.16/pt * 2 spray;http://publications.dyson.cornell.edu/outreach/extensionpdf/2014/Cornell-Dyson-eb1401.pdf;1875
15;Mixed Fruits & Vegetables;Grapes (Conventional);20;;Preharvest;;Spray 9-10 - ProPhyt;$15.80 ;;ProPhyt 2.5 pt/acre * $3.16/pt * 2 spray;http://publications.dyson.cornell.edu/outreach/extensionpdf/2014/Cornell-Dyson-eb1401.pdf;1876
15;Mixed Fruits & Vegetables;Grapes (Conventional);21;;Preharvest;;Spray 9-10 - ProPhyt;$15.80 ;;ProPhyt 2.5 pt/acre * $3.16/pt * 2 spray;http://publications.dyson.cornell.edu/outreach/extensionpdf/2014/Cornell-Dyson-eb1401.pdf;1877
15;Mixed Fruits & Vegetables;Grapes (Conventional);22;;Preharvest;;Spray 9-10 - ProPhyt;$15.80 ;;ProPhyt 2.5 pt/acre * $3.16/pt * 2 spray;http://publications.dyson.cornell.edu/outreach/extensionpdf/2014/Cornell-Dyson-eb1401.pdf;1878
15;Mixed Fruits & Vegetables;Grapes (Conventional);4;;Preharvest;;Spray 9-10 - Spreader;$1.25 ;;Spreader 4 oz./acre * $20/gal * 2 spray;http://publications.dyson.cornell.edu/outreach/extensionpdf/2014/Cornell-Dyson-eb1401.pdf;1879
15;Mixed Fruits & Vegetables;Grapes (Conventional);5;;Preharvest;;Spray 9-10 - Spreader;$1.25 ;;Spreader 4 oz./acre * $20/gal * 2 spray;http://publications.dyson.cornell.edu/outreach/extensionpdf/2014/Cornell-Dyson-eb1401.pdf;1880
15;Mixed Fruits & Vegetables;Grapes (Conventional);6;;Preharvest;;Spray 9-10 - Spreader;$1.25 ;;Spreader 4 oz./acre * $20/gal * 2 spray;http://publications.dyson.cornell.edu/outreach/extensionpdf/2014/Cornell-Dyson-eb1401.pdf;1881
15;Mixed Fruits & Vegetables;Grapes (Conventional);7;;Preharvest;;Spray 9-10 - Spreader;$1.25 ;;Spreader 4 oz./acre * $20/gal * 2 spray;http://publications.dyson.cornell.edu/outreach/extensionpdf/2014/Cornell-Dyson-eb1401.pdf;1882
15;Mixed Fruits & Vegetables;Grapes (Conventional);8;;Preharvest;;Spray 9-10 - Spreader;$1.25 ;;Spreader 4 oz./acre * $20/gal * 2 spray;http://publications.dyson.cornell.edu/outreach/extensionpdf/2014/Cornell-Dyson-eb1401.pdf;1883
15;Mixed Fruits & Vegetables;Grapes (Conventional);9;;Preharvest;;Spray 9-10 - Spreader;$1.25 ;;Spreader 4 oz./acre * $20/gal * 2 spray;http://publications.dyson.cornell.edu/outreach/extensionpdf/2014/Cornell-Dyson-eb1401.pdf;1884
15;Mixed Fruits & Vegetables;Grapes (Conventional);10;;Preharvest;;Spray 9-10 - Spreader;$1.25 ;;Spreader 4 oz./acre * $20/gal * 2 spray;http://publications.dyson.cornell.edu/outreach/extensionpdf/2014/Cornell-Dyson-eb1401.pdf;1885
15;Mixed Fruits & Vegetables;Grapes (Conventional);11;;Preharvest;;Spray 9-10 - Spreader;$1.25 ;;Spreader 4 oz./acre * $20/gal * 2 spray;http://publications.dyson.cornell.edu/outreach/extensionpdf/2014/Cornell-Dyson-eb1401.pdf;1886
15;Mixed Fruits & Vegetables;Grapes (Conventional);12;;Preharvest;;Spray 9-10 - Spreader;$1.25 ;;Spreader 4 oz./acre * $20/gal * 2 spray;http://publications.dyson.cornell.edu/outreach/extensionpdf/2014/Cornell-Dyson-eb1401.pdf;1887
15;Mixed Fruits & Vegetables;Grapes (Conventional);13;;Preharvest;;Spray 9-10 - Spreader;$1.25 ;;Spreader 4 oz./acre * $20/gal * 2 spray;http://publications.dyson.cornell.edu/outreach/extensionpdf/2014/Cornell-Dyson-eb1401.pdf;1888
15;Mixed Fruits & Vegetables;Grapes (Conventional);14;;Preharvest;;Spray 9-10 - Spreader;$1.25 ;;Spreader 4 oz./acre * $20/gal * 2 spray;http://publications.dyson.cornell.edu/outreach/extensionpdf/2014/Cornell-Dyson-eb1401.pdf;1889
15;Mixed Fruits & Vegetables;Grapes (Conventional);15;;Preharvest;;Spray 9-10 - Spreader;$1.25 ;;Spreader 4 oz./acre * $20/gal * 2 spray;http://publications.dyson.cornell.edu/outreach/extensionpdf/2014/Cornell-Dyson-eb1401.pdf;1890
15;Mixed Fruits & Vegetables;Grapes (Conventional);16;;Preharvest;;Spray 9-10 - Spreader;$1.25 ;;Spreader 4 oz./acre * $20/gal * 2 spray;http://publications.dyson.cornell.edu/outreach/extensionpdf/2014/Cornell-Dyson-eb1401.pdf;1891
15;Mixed Fruits & Vegetables;Grapes (Conventional);17;;Preharvest;;Spray 9-10 - Spreader;$1.25 ;;Spreader 4 oz./acre * $20/gal * 2 spray;http://publications.dyson.cornell.edu/outreach/extensionpdf/2014/Cornell-Dyson-eb1401.pdf;1892
15;Mixed Fruits & Vegetables;Grapes (Conventional);18;;Preharvest;;Spray 9-10 - Spreader;$1.25 ;;Spreader 4 oz./acre * $20/gal * 2 spray;http://publications.dyson.cornell.edu/outreach/extensionpdf/2014/Cornell-Dyson-eb1401.pdf;1893
15;Mixed Fruits & Vegetables;Grapes (Conventional);19;;Preharvest;;Spray 9-10 - Spreader;$1.25 ;;Spreader 4 oz./acre * $20/gal * 2 spray;http://publications.dyson.cornell.edu/outreach/extensionpdf/2014/Cornell-Dyson-eb1401.pdf;1894
15;Mixed Fruits & Vegetables;Grapes (Conventional);20;;Preharvest;;Spray 9-10 - Spreader;$1.25 ;;Spreader 4 oz./acre * $20/gal * 2 spray;http://publications.dyson.cornell.edu/outreach/extensionpdf/2014/Cornell-Dyson-eb1401.pdf;1895
15;Mixed Fruits & Vegetables;Grapes (Conventional);21;;Preharvest;;Spray 9-10 - Spreader;$1.25 ;;Spreader 4 oz./acre * $20/gal * 2 spray;http://publications.dyson.cornell.edu/outreach/extensionpdf/2014/Cornell-Dyson-eb1401.pdf;1896
15;Mixed Fruits & Vegetables;Grapes (Conventional);22;;Preharvest;;Spray 9-10 - Spreader;$1.25 ;;Spreader 4 oz./acre * $20/gal * 2 spray;http://publications.dyson.cornell.edu/outreach/extensionpdf/2014/Cornell-Dyson-eb1401.pdf;1897
15;Mixed Fruits & Vegetables;Grapes (Conventional);4;;Preharvest;;Sprays 9-10 - Skilled Labor Costs;$24.00 ;;0.6 hours * $20/hour * 2 sprays;;1898
15;Mixed Fruits & Vegetables;Grapes (Conventional);5;;Preharvest;;Sprays 9-10 - Skilled Labor Costs;$24.00 ;;0.6 hours * $20/hour * 2 sprays;;1899
15;Mixed Fruits & Vegetables;Grapes (Conventional);6;;Preharvest;;Sprays 9-10 - Skilled Labor Costs;$24.00 ;;0.6 hours * $20/hour * 2 sprays;;1900
15;Mixed Fruits & Vegetables;Grapes (Conventional);7;;Preharvest;;Sprays 9-10 - Skilled Labor Costs;$24.00 ;;0.6 hours * $20/hour * 2 sprays;;1901
15;Mixed Fruits & Vegetables;Grapes (Conventional);8;;Preharvest;;Sprays 9-10 - Skilled Labor Costs;$24.00 ;;0.6 hours * $20/hour * 2 sprays;;1902
15;Mixed Fruits & Vegetables;Grapes (Conventional);9;;Preharvest;;Sprays 9-10 - Skilled Labor Costs;$24.00 ;;0.6 hours * $20/hour * 2 sprays;;1903
15;Mixed Fruits & Vegetables;Grapes (Conventional);10;;Preharvest;;Sprays 9-10 - Skilled Labor Costs;$24.00 ;;0.6 hours * $20/hour * 2 sprays;;1904
15;Mixed Fruits & Vegetables;Grapes (Conventional);11;;Preharvest;;Sprays 9-10 - Skilled Labor Costs;$24.00 ;;0.6 hours * $20/hour * 2 sprays;;1905
15;Mixed Fruits & Vegetables;Grapes (Conventional);12;;Preharvest;;Sprays 9-10 - Skilled Labor Costs;$24.00 ;;0.6 hours * $20/hour * 2 sprays;;1906
15;Mixed Fruits & Vegetables;Grapes (Conventional);13;;Preharvest;;Sprays 9-10 - Skilled Labor Costs;$24.00 ;;0.6 hours * $20/hour * 2 sprays;;1907
15;Mixed Fruits & Vegetables;Grapes (Conventional);14;;Preharvest;;Sprays 9-10 - Skilled Labor Costs;$24.00 ;;0.6 hours * $20/hour * 2 sprays;;1908
15;Mixed Fruits & Vegetables;Grapes (Conventional);15;;Preharvest;;Sprays 9-10 - Skilled Labor Costs;$24.00 ;;0.6 hours * $20/hour * 2 sprays;;1909
15;Mixed Fruits & Vegetables;Grapes (Conventional);16;;Preharvest;;Sprays 9-10 - Skilled Labor Costs;$24.00 ;;0.6 hours * $20/hour * 2 sprays;;1910
15;Mixed Fruits & Vegetables;Grapes (Conventional);17;;Preharvest;;Sprays 9-10 - Skilled Labor Costs;$24.00 ;;0.6 hours * $20/hour * 2 sprays;;1911
15;Mixed Fruits & Vegetables;Grapes (Conventional);18;;Preharvest;;Sprays 9-10 - Skilled Labor Costs;$24.00 ;;0.6 hours * $20/hour * 2 sprays;;1912
15;Mixed Fruits & Vegetables;Grapes (Conventional);19;;Preharvest;;Sprays 9-10 - Skilled Labor Costs;$24.00 ;;0.6 hours * $20/hour * 2 sprays;;1913
15;Mixed Fruits & Vegetables;Grapes (Conventional);20;;Preharvest;;Sprays 9-10 - Skilled Labor Costs;$24.00 ;;0.6 hours * $20/hour * 2 sprays;;1914
15;Mixed Fruits & Vegetables;Grapes (Conventional);21;;Preharvest;;Sprays 9-10 - Skilled Labor Costs;$24.00 ;;0.6 hours * $20/hour * 2 sprays;;1915
15;Mixed Fruits & Vegetables;Grapes (Conventional);22;;Preharvest;;Sprays 9-10 - Skilled Labor Costs;$24.00 ;;0.6 hours * $20/hour * 2 sprays;;1916
15;Mixed Fruits & Vegetables;Grapes (Conventional);4;;Preharvest;;Sprays 9-10 - Equipment Costs;$27.94 ;;??? $13.97 * 2 sprays ???;;1917
15;Mixed Fruits & Vegetables;Grapes (Conventional);5;;Preharvest;;Sprays 9-10 - Equipment Costs;$27.94 ;;??? $13.97 * 2 sprays ???;;1918
15;Mixed Fruits & Vegetables;Grapes (Conventional);6;;Preharvest;;Sprays 9-10 - Equipment Costs;$27.94 ;;??? $13.97 * 2 sprays ???;;1919
15;Mixed Fruits & Vegetables;Grapes (Conventional);7;;Preharvest;;Sprays 9-10 - Equipment Costs;$27.94 ;;??? $13.97 * 2 sprays ???;;1920
15;Mixed Fruits & Vegetables;Grapes (Conventional);8;;Preharvest;;Sprays 9-10 - Equipment Costs;$27.94 ;;??? $13.97 * 2 sprays ???;;1921
15;Mixed Fruits & Vegetables;Grapes (Conventional);9;;Preharvest;;Sprays 9-10 - Equipment Costs;$27.94 ;;??? $13.97 * 2 sprays ???;;1922
15;Mixed Fruits & Vegetables;Grapes (Conventional);10;;Preharvest;;Sprays 9-10 - Equipment Costs;$27.94 ;;??? $13.97 * 2 sprays ???;;1923
15;Mixed Fruits & Vegetables;Grapes (Conventional);11;;Preharvest;;Sprays 9-10 - Equipment Costs;$27.94 ;;??? $13.97 * 2 sprays ???;;1924
15;Mixed Fruits & Vegetables;Grapes (Conventional);12;;Preharvest;;Sprays 9-10 - Equipment Costs;$27.94 ;;??? $13.97 * 2 sprays ???;;1925
15;Mixed Fruits & Vegetables;Grapes (Conventional);13;;Preharvest;;Sprays 9-10 - Equipment Costs;$27.94 ;;??? $13.97 * 2 sprays ???;;1926
15;Mixed Fruits & Vegetables;Grapes (Conventional);14;;Preharvest;;Sprays 9-10 - Equipment Costs;$27.94 ;;??? $13.97 * 2 sprays ???;;1927
15;Mixed Fruits & Vegetables;Grapes (Conventional);15;;Preharvest;;Sprays 9-10 - Equipment Costs;$27.94 ;;??? $13.97 * 2 sprays ???;;1928
15;Mixed Fruits & Vegetables;Grapes (Conventional);16;;Preharvest;;Sprays 9-10 - Equipment Costs;$27.94 ;;??? $13.97 * 2 sprays ???;;1929
15;Mixed Fruits & Vegetables;Grapes (Conventional);17;;Preharvest;;Sprays 9-10 - Equipment Costs;$27.94 ;;??? $13.97 * 2 sprays ???;;1930
15;Mixed Fruits & Vegetables;Grapes (Conventional);18;;Preharvest;;Sprays 9-10 - Equipment Costs;$27.94 ;;??? $13.97 * 2 sprays ???;;1931
15;Mixed Fruits & Vegetables;Grapes (Conventional);19;;Preharvest;;Sprays 9-10 - Equipment Costs;$27.94 ;;??? $13.97 * 2 sprays ???;;1932
15;Mixed Fruits & Vegetables;Grapes (Conventional);20;;Preharvest;;Sprays 9-10 - Equipment Costs;$27.94 ;;??? $13.97 * 2 sprays ???;;1933
15;Mixed Fruits & Vegetables;Grapes (Conventional);21;;Preharvest;;Sprays 9-10 - Equipment Costs;$27.94 ;;??? $13.97 * 2 sprays ???;;1934
15;Mixed Fruits & Vegetables;Grapes (Conventional);22;;Preharvest;;Sprays 9-10 - Equipment Costs;$27.94 ;;??? $13.97 * 2 sprays ???;;1935
15;Mixed Fruits & Vegetables;Grapes (Conventional);4;;Preharvest;;Spray 11 - Captan 80 WP;$16.50 ;;Captan 80WP 2.5 lbs/acre * $6.60/lb * 1 spray;http://publications.dyson.cornell.edu/outreach/extensionpdf/2014/Cornell-Dyson-eb1401.pdf;1936
15;Mixed Fruits & Vegetables;Grapes (Conventional);5;;Preharvest;;Spray 11 - Captan 80 WP;$16.50 ;;Captan 80WP 2.5 lbs/acre * $6.60/lb * 1 spray;http://publications.dyson.cornell.edu/outreach/extensionpdf/2014/Cornell-Dyson-eb1401.pdf;1937
15;Mixed Fruits & Vegetables;Grapes (Conventional);6;;Preharvest;;Spray 11 - Captan 80 WP;$16.50 ;;Captan 80WP 2.5 lbs/acre * $6.60/lb * 1 spray;http://publications.dyson.cornell.edu/outreach/extensionpdf/2014/Cornell-Dyson-eb1401.pdf;1938
15;Mixed Fruits & Vegetables;Grapes (Conventional);7;;Preharvest;;Spray 11 - Captan 80 WP;$16.50 ;;Captan 80WP 2.5 lbs/acre * $6.60/lb * 1 spray;http://publications.dyson.cornell.edu/outreach/extensionpdf/2014/Cornell-Dyson-eb1401.pdf;1939
15;Mixed Fruits & Vegetables;Grapes (Conventional);8;;Preharvest;;Spray 11 - Captan 80 WP;$16.50 ;;Captan 80WP 2.5 lbs/acre * $6.60/lb * 1 spray;http://publications.dyson.cornell.edu/outreach/extensionpdf/2014/Cornell-Dyson-eb1401.pdf;1940
15;Mixed Fruits & Vegetables;Grapes (Conventional);9;;Preharvest;;Spray 11 - Captan 80 WP;$16.50 ;;Captan 80WP 2.5 lbs/acre * $6.60/lb * 1 spray;http://publications.dyson.cornell.edu/outreach/extensionpdf/2014/Cornell-Dyson-eb1401.pdf;1941
15;Mixed Fruits & Vegetables;Grapes (Conventional);10;;Preharvest;;Spray 11 - Captan 80 WP;$16.50 ;;Captan 80WP 2.5 lbs/acre * $6.60/lb * 1 spray;http://publications.dyson.cornell.edu/outreach/extensionpdf/2014/Cornell-Dyson-eb1401.pdf;1942
15;Mixed Fruits & Vegetables;Grapes (Conventional);11;;Preharvest;;Spray 11 - Captan 80 WP;$16.50 ;;Captan 80WP 2.5 lbs/acre * $6.60/lb * 1 spray;http://publications.dyson.cornell.edu/outreach/extensionpdf/2014/Cornell-Dyson-eb1401.pdf;1943
15;Mixed Fruits & Vegetables;Grapes (Conventional);12;;Preharvest;;Spray 11 - Captan 80 WP;$16.50 ;;Captan 80WP 2.5 lbs/acre * $6.60/lb * 1 spray;http://publications.dyson.cornell.edu/outreach/extensionpdf/2014/Cornell-Dyson-eb1401.pdf;1944
15;Mixed Fruits & Vegetables;Grapes (Conventional);13;;Preharvest;;Spray 11 - Captan 80 WP;$16.50 ;;Captan 80WP 2.5 lbs/acre * $6.60/lb * 1 spray;http://publications.dyson.cornell.edu/outreach/extensionpdf/2014/Cornell-Dyson-eb1401.pdf;1945
15;Mixed Fruits & Vegetables;Grapes (Conventional);14;;Preharvest;;Spray 11 - Captan 80 WP;$16.50 ;;Captan 80WP 2.5 lbs/acre * $6.60/lb * 1 spray;http://publications.dyson.cornell.edu/outreach/extensionpdf/2014/Cornell-Dyson-eb1401.pdf;1946
15;Mixed Fruits & Vegetables;Grapes (Conventional);15;;Preharvest;;Spray 11 - Captan 80 WP;$16.50 ;;Captan 80WP 2.5 lbs/acre * $6.60/lb * 1 spray;http://publications.dyson.cornell.edu/outreach/extensionpdf/2014/Cornell-Dyson-eb1401.pdf;1947
15;Mixed Fruits & Vegetables;Grapes (Conventional);16;;Preharvest;;Spray 11 - Captan 80 WP;$16.50 ;;Captan 80WP 2.5 lbs/acre * $6.60/lb * 1 spray;http://publications.dyson.cornell.edu/outreach/extensionpdf/2014/Cornell-Dyson-eb1401.pdf;1948
15;Mixed Fruits & Vegetables;Grapes (Conventional);17;;Preharvest;;Spray 11 - Captan 80 WP;$16.50 ;;Captan 80WP 2.5 lbs/acre * $6.60/lb * 1 spray;http://publications.dyson.cornell.edu/outreach/extensionpdf/2014/Cornell-Dyson-eb1401.pdf;1949
15;Mixed Fruits & Vegetables;Grapes (Conventional);18;;Preharvest;;Spray 11 - Captan 80 WP;$16.50 ;;Captan 80WP 2.5 lbs/acre * $6.60/lb * 1 spray;http://publications.dyson.cornell.edu/outreach/extensionpdf/2014/Cornell-Dyson-eb1401.pdf;1950
15;Mixed Fruits & Vegetables;Grapes (Conventional);19;;Preharvest;;Spray 11 - Captan 80 WP;$16.50 ;;Captan 80WP 2.5 lbs/acre * $6.60/lb * 1 spray;http://publications.dyson.cornell.edu/outreach/extensionpdf/2014/Cornell-Dyson-eb1401.pdf;1951
15;Mixed Fruits & Vegetables;Grapes (Conventional);20;;Preharvest;;Spray 11 - Captan 80 WP;$16.50 ;;Captan 80WP 2.5 lbs/acre * $6.60/lb * 1 spray;http://publications.dyson.cornell.edu/outreach/extensionpdf/2014/Cornell-Dyson-eb1401.pdf;1952
15;Mixed Fruits & Vegetables;Grapes (Conventional);21;;Preharvest;;Spray 11 - Captan 80 WP;$16.50 ;;Captan 80WP 2.5 lbs/acre * $6.60/lb * 1 spray;http://publications.dyson.cornell.edu/outreach/extensionpdf/2014/Cornell-Dyson-eb1401.pdf;1953
15;Mixed Fruits & Vegetables;Grapes (Conventional);22;;Preharvest;;Spray 11 - Captan 80 WP;$16.50 ;;Captan 80WP 2.5 lbs/acre * $6.60/lb * 1 spray;http://publications.dyson.cornell.edu/outreach/extensionpdf/2014/Cornell-Dyson-eb1401.pdf;1954
15;Mixed Fruits & Vegetables;Grapes (Conventional);4;;Preharvest;;Spray 11 - Sulfur;$2.50 ;;Sulfur 5 lbs/acre * $0.50/lb * 1 spray;http://publications.dyson.cornell.edu/outreach/extensionpdf/2014/Cornell-Dyson-eb1401.pdf;1955
15;Mixed Fruits & Vegetables;Grapes (Conventional);5;;Preharvest;;Spray 11 - Sulfur;$2.50 ;;Sulfur 5 lbs/acre * $0.50/lb * 1 spray;http://publications.dyson.cornell.edu/outreach/extensionpdf/2014/Cornell-Dyson-eb1401.pdf;1956
15;Mixed Fruits & Vegetables;Grapes (Conventional);6;;Preharvest;;Spray 11 - Sulfur;$2.50 ;;Sulfur 5 lbs/acre * $0.50/lb * 1 spray;http://publications.dyson.cornell.edu/outreach/extensionpdf/2014/Cornell-Dyson-eb1401.pdf;1957
15;Mixed Fruits & Vegetables;Grapes (Conventional);7;;Preharvest;;Spray 11 - Sulfur;$2.50 ;;Sulfur 5 lbs/acre * $0.50/lb * 1 spray;http://publications.dyson.cornell.edu/outreach/extensionpdf/2014/Cornell-Dyson-eb1401.pdf;1958
15;Mixed Fruits & Vegetables;Grapes (Conventional);8;;Preharvest;;Spray 11 - Sulfur;$2.50 ;;Sulfur 5 lbs/acre * $0.50/lb * 1 spray;http://publications.dyson.cornell.edu/outreach/extensionpdf/2014/Cornell-Dyson-eb1401.pdf;1959
15;Mixed Fruits & Vegetables;Grapes (Conventional);9;;Preharvest;;Spray 11 - Sulfur;$2.50 ;;Sulfur 5 lbs/acre * $0.50/lb * 1 spray;http://publications.dyson.cornell.edu/outreach/extensionpdf/2014/Cornell-Dyson-eb1401.pdf;1960
15;Mixed Fruits & Vegetables;Grapes (Conventional);10;;Preharvest;;Spray 11 - Sulfur;$2.50 ;;Sulfur 5 lbs/acre * $0.50/lb * 1 spray;http://publications.dyson.cornell.edu/outreach/extensionpdf/2014/Cornell-Dyson-eb1401.pdf;1961
15;Mixed Fruits & Vegetables;Grapes (Conventional);11;;Preharvest;;Spray 11 - Sulfur;$2.50 ;;Sulfur 5 lbs/acre * $0.50/lb * 1 spray;http://publications.dyson.cornell.edu/outreach/extensionpdf/2014/Cornell-Dyson-eb1401.pdf;1962
15;Mixed Fruits & Vegetables;Grapes (Conventional);12;;Preharvest;;Spray 11 - Sulfur;$2.50 ;;Sulfur 5 lbs/acre * $0.50/lb * 1 spray;http://publications.dyson.cornell.edu/outreach/extensionpdf/2014/Cornell-Dyson-eb1401.pdf;1963
15;Mixed Fruits & Vegetables;Grapes (Conventional);13;;Preharvest;;Spray 11 - Sulfur;$2.50 ;;Sulfur 5 lbs/acre * $0.50/lb * 1 spray;http://publications.dyson.cornell.edu/outreach/extensionpdf/2014/Cornell-Dyson-eb1401.pdf;1964
15;Mixed Fruits & Vegetables;Grapes (Conventional);14;;Preharvest;;Spray 11 - Sulfur;$2.50 ;;Sulfur 5 lbs/acre * $0.50/lb * 1 spray;http://publications.dyson.cornell.edu/outreach/extensionpdf/2014/Cornell-Dyson-eb1401.pdf;1965
15;Mixed Fruits & Vegetables;Grapes (Conventional);15;;Preharvest;;Spray 11 - Sulfur;$2.50 ;;Sulfur 5 lbs/acre * $0.50/lb * 1 spray;http://publications.dyson.cornell.edu/outreach/extensionpdf/2014/Cornell-Dyson-eb1401.pdf;1966
15;Mixed Fruits & Vegetables;Grapes (Conventional);16;;Preharvest;;Spray 11 - Sulfur;$2.50 ;;Sulfur 5 lbs/acre * $0.50/lb * 1 spray;http://publications.dyson.cornell.edu/outreach/extensionpdf/2014/Cornell-Dyson-eb1401.pdf;1967
15;Mixed Fruits & Vegetables;Grapes (Conventional);17;;Preharvest;;Spray 11 - Sulfur;$2.50 ;;Sulfur 5 lbs/acre * $0.50/lb * 1 spray;http://publications.dyson.cornell.edu/outreach/extensionpdf/2014/Cornell-Dyson-eb1401.pdf;1968
15;Mixed Fruits & Vegetables;Grapes (Conventional);18;;Preharvest;;Spray 11 - Sulfur;$2.50 ;;Sulfur 5 lbs/acre * $0.50/lb * 1 spray;http://publications.dyson.cornell.edu/outreach/extensionpdf/2014/Cornell-Dyson-eb1401.pdf;1969
15;Mixed Fruits & Vegetables;Grapes (Conventional);19;;Preharvest;;Spray 11 - Sulfur;$2.50 ;;Sulfur 5 lbs/acre * $0.50/lb * 1 spray;http://publications.dyson.cornell.edu/outreach/extensionpdf/2014/Cornell-Dyson-eb1401.pdf;1970
15;Mixed Fruits & Vegetables;Grapes (Conventional);20;;Preharvest;;Spray 11 - Sulfur;$2.50 ;;Sulfur 5 lbs/acre * $0.50/lb * 1 spray;http://publications.dyson.cornell.edu/outreach/extensionpdf/2014/Cornell-Dyson-eb1401.pdf;1971
15;Mixed Fruits & Vegetables;Grapes (Conventional);21;;Preharvest;;Spray 11 - Sulfur;$2.50 ;;Sulfur 5 lbs/acre * $0.50/lb * 1 spray;http://publications.dyson.cornell.edu/outreach/extensionpdf/2014/Cornell-Dyson-eb1401.pdf;1972
15;Mixed Fruits & Vegetables;Grapes (Conventional);22;;Preharvest;;Spray 11 - Sulfur;$2.50 ;;Sulfur 5 lbs/acre * $0.50/lb * 1 spray;http://publications.dyson.cornell.edu/outreach/extensionpdf/2014/Cornell-Dyson-eb1401.pdf;1973
15;Mixed Fruits & Vegetables;Grapes (Conventional);4;;Preharvest;;Spray 11 - Vanguard 75WP;$37.50 ;;Vanguard 75WP 10 oz/acre * $3.75/oz * 1 spray;http://publications.dyson.cornell.edu/outreach/extensionpdf/2014/Cornell-Dyson-eb1401.pdf;1974
15;Mixed Fruits & Vegetables;Grapes (Conventional);5;;Preharvest;;Spray 11 - Vanguard 75WP;$37.50 ;;Vanguard 75WP 10 oz/acre * $3.75/oz * 1 spray;http://publications.dyson.cornell.edu/outreach/extensionpdf/2014/Cornell-Dyson-eb1401.pdf;1975
15;Mixed Fruits & Vegetables;Grapes (Conventional);6;;Preharvest;;Spray 11 - Vanguard 75WP;$37.50 ;;Vanguard 75WP 10 oz/acre * $3.75/oz * 1 spray;http://publications.dyson.cornell.edu/outreach/extensionpdf/2014/Cornell-Dyson-eb1401.pdf;1976
15;Mixed Fruits & Vegetables;Grapes (Conventional);7;;Preharvest;;Spray 11 - Vanguard 75WP;$37.50 ;;Vanguard 75WP 10 oz/acre * $3.75/oz * 1 spray;http://publications.dyson.cornell.edu/outreach/extensionpdf/2014/Cornell-Dyson-eb1401.pdf;1977
15;Mixed Fruits & Vegetables;Grapes (Conventional);8;;Preharvest;;Spray 11 - Vanguard 75WP;$37.50 ;;Vanguard 75WP 10 oz/acre * $3.75/oz * 1 spray;http://publications.dyson.cornell.edu/outreach/extensionpdf/2014/Cornell-Dyson-eb1401.pdf;1978
15;Mixed Fruits & Vegetables;Grapes (Conventional);9;;Preharvest;;Spray 11 - Vanguard 75WP;$37.50 ;;Vanguard 75WP 10 oz/acre * $3.75/oz * 1 spray;http://publications.dyson.cornell.edu/outreach/extensionpdf/2014/Cornell-Dyson-eb1401.pdf;1979
15;Mixed Fruits & Vegetables;Grapes (Conventional);10;;Preharvest;;Spray 11 - Vanguard 75WP;$37.50 ;;Vanguard 75WP 10 oz/acre * $3.75/oz * 1 spray;http://publications.dyson.cornell.edu/outreach/extensionpdf/2014/Cornell-Dyson-eb1401.pdf;1980
15;Mixed Fruits & Vegetables;Grapes (Conventional);11;;Preharvest;;Spray 11 - Vanguard 75WP;$37.50 ;;Vanguard 75WP 10 oz/acre * $3.75/oz * 1 spray;http://publications.dyson.cornell.edu/outreach/extensionpdf/2014/Cornell-Dyson-eb1401.pdf;1981
15;Mixed Fruits & Vegetables;Grapes (Conventional);12;;Preharvest;;Spray 11 - Vanguard 75WP;$37.50 ;;Vanguard 75WP 10 oz/acre * $3.75/oz * 1 spray;http://publications.dyson.cornell.edu/outreach/extensionpdf/2014/Cornell-Dyson-eb1401.pdf;1982
15;Mixed Fruits & Vegetables;Grapes (Conventional);13;;Preharvest;;Spray 11 - Vanguard 75WP;$37.50 ;;Vanguard 75WP 10 oz/acre * $3.75/oz * 1 spray;http://publications.dyson.cornell.edu/outreach/extensionpdf/2014/Cornell-Dyson-eb1401.pdf;1983
15;Mixed Fruits & Vegetables;Grapes (Conventional);14;;Preharvest;;Spray 11 - Vanguard 75WP;$37.50 ;;Vanguard 75WP 10 oz/acre * $3.75/oz * 1 spray;http://publications.dyson.cornell.edu/outreach/extensionpdf/2014/Cornell-Dyson-eb1401.pdf;1984
15;Mixed Fruits & Vegetables;Grapes (Conventional);15;;Preharvest;;Spray 11 - Vanguard 75WP;$37.50 ;;Vanguard 75WP 10 oz/acre * $3.75/oz * 1 spray;http://publications.dyson.cornell.edu/outreach/extensionpdf/2014/Cornell-Dyson-eb1401.pdf;1985
15;Mixed Fruits & Vegetables;Grapes (Conventional);16;;Preharvest;;Spray 11 - Vanguard 75WP;$37.50 ;;Vanguard 75WP 10 oz/acre * $3.75/oz * 1 spray;http://publications.dyson.cornell.edu/outreach/extensionpdf/2014/Cornell-Dyson-eb1401.pdf;1986
15;Mixed Fruits & Vegetables;Grapes (Conventional);17;;Preharvest;;Spray 11 - Vanguard 75WP;$37.50 ;;Vanguard 75WP 10 oz/acre * $3.75/oz * 1 spray;http://publications.dyson.cornell.edu/outreach/extensionpdf/2014/Cornell-Dyson-eb1401.pdf;1987
15;Mixed Fruits & Vegetables;Grapes (Conventional);18;;Preharvest;;Spray 11 - Vanguard 75WP;$37.50 ;;Vanguard 75WP 10 oz/acre * $3.75/oz * 1 spray;http://publications.dyson.cornell.edu/outreach/extensionpdf/2014/Cornell-Dyson-eb1401.pdf;1988
15;Mixed Fruits & Vegetables;Grapes (Conventional);19;;Preharvest;;Spray 11 - Vanguard 75WP;$37.50 ;;Vanguard 75WP 10 oz/acre * $3.75/oz * 1 spray;http://publications.dyson.cornell.edu/outreach/extensionpdf/2014/Cornell-Dyson-eb1401.pdf;1989
15;Mixed Fruits & Vegetables;Grapes (Conventional);20;;Preharvest;;Spray 11 - Vanguard 75WP;$37.50 ;;Vanguard 75WP 10 oz/acre * $3.75/oz * 1 spray;http://publications.dyson.cornell.edu/outreach/extensionpdf/2014/Cornell-Dyson-eb1401.pdf;1990
15;Mixed Fruits & Vegetables;Grapes (Conventional);21;;Preharvest;;Spray 11 - Vanguard 75WP;$37.50 ;;Vanguard 75WP 10 oz/acre * $3.75/oz * 1 spray;http://publications.dyson.cornell.edu/outreach/extensionpdf/2014/Cornell-Dyson-eb1401.pdf;1991
15;Mixed Fruits & Vegetables;Grapes (Conventional);22;;Preharvest;;Spray 11 - Vanguard 75WP;$37.50 ;;Vanguard 75WP 10 oz/acre * $3.75/oz * 1 spray;http://publications.dyson.cornell.edu/outreach/extensionpdf/2014/Cornell-Dyson-eb1401.pdf;1992
15;Mixed Fruits & Vegetables;Grapes (Conventional);4;;Preharvest;;Spray 11 - Spreader;$0.63 ;;Spreader 4 oz./acre * $20/gal * 1 spray;http://publications.dyson.cornell.edu/outreach/extensionpdf/2014/Cornell-Dyson-eb1401.pdf;1993
15;Mixed Fruits & Vegetables;Grapes (Conventional);5;;Preharvest;;Spray 11 - Spreader;$0.63 ;;Spreader 4 oz./acre * $20/gal * 1 spray;http://publications.dyson.cornell.edu/outreach/extensionpdf/2014/Cornell-Dyson-eb1401.pdf;1994
15;Mixed Fruits & Vegetables;Grapes (Conventional);6;;Preharvest;;Spray 11 - Spreader;$0.63 ;;Spreader 4 oz./acre * $20/gal * 1 spray;http://publications.dyson.cornell.edu/outreach/extensionpdf/2014/Cornell-Dyson-eb1401.pdf;1995
15;Mixed Fruits & Vegetables;Grapes (Conventional);7;;Preharvest;;Spray 11 - Spreader;$0.63 ;;Spreader 4 oz./acre * $20/gal * 1 spray;http://publications.dyson.cornell.edu/outreach/extensionpdf/2014/Cornell-Dyson-eb1401.pdf;1996
15;Mixed Fruits & Vegetables;Grapes (Conventional);8;;Preharvest;;Spray 11 - Spreader;$0.63 ;;Spreader 4 oz./acre * $20/gal * 1 spray;http://publications.dyson.cornell.edu/outreach/extensionpdf/2014/Cornell-Dyson-eb1401.pdf;1997
15;Mixed Fruits & Vegetables;Grapes (Conventional);9;;Preharvest;;Spray 11 - Spreader;$0.63 ;;Spreader 4 oz./acre * $20/gal * 1 spray;http://publications.dyson.cornell.edu/outreach/extensionpdf/2014/Cornell-Dyson-eb1401.pdf;1998
15;Mixed Fruits & Vegetables;Grapes (Conventional);10;;Preharvest;;Spray 11 - Spreader;$0.63 ;;Spreader 4 oz./acre * $20/gal * 1 spray;http://publications.dyson.cornell.edu/outreach/extensionpdf/2014/Cornell-Dyson-eb1401.pdf;1999
15;Mixed Fruits & Vegetables;Grapes (Conventional);11;;Preharvest;;Spray 11 - Spreader;$0.63 ;;Spreader 4 oz./acre * $20/gal * 1 spray;http://publications.dyson.cornell.edu/outreach/extensionpdf/2014/Cornell-Dyson-eb1401.pdf;2000
15;Mixed Fruits & Vegetables;Grapes (Conventional);12;;Preharvest;;Spray 11 - Spreader;$0.63 ;;Spreader 4 oz./acre * $20/gal * 1 spray;http://publications.dyson.cornell.edu/outreach/extensionpdf/2014/Cornell-Dyson-eb1401.pdf;2001
15;Mixed Fruits & Vegetables;Grapes (Conventional);13;;Preharvest;;Spray 11 - Spreader;$0.63 ;;Spreader 4 oz./acre * $20/gal * 1 spray;http://publications.dyson.cornell.edu/outreach/extensionpdf/2014/Cornell-Dyson-eb1401.pdf;2002
15;Mixed Fruits & Vegetables;Grapes (Conventional);14;;Preharvest;;Spray 11 - Spreader;$0.63 ;;Spreader 4 oz./acre * $20/gal * 1 spray;http://publications.dyson.cornell.edu/outreach/extensionpdf/2014/Cornell-Dyson-eb1401.pdf;2003
15;Mixed Fruits & Vegetables;Grapes (Conventional);15;;Preharvest;;Spray 11 - Spreader;$0.63 ;;Spreader 4 oz./acre * $20/gal * 1 spray;http://publications.dyson.cornell.edu/outreach/extensionpdf/2014/Cornell-Dyson-eb1401.pdf;2004
15;Mixed Fruits & Vegetables;Grapes (Conventional);16;;Preharvest;;Spray 11 - Spreader;$0.63 ;;Spreader 4 oz./acre * $20/gal * 1 spray;http://publications.dyson.cornell.edu/outreach/extensionpdf/2014/Cornell-Dyson-eb1401.pdf;2005
15;Mixed Fruits & Vegetables;Grapes (Conventional);17;;Preharvest;;Spray 11 - Spreader;$0.63 ;;Spreader 4 oz./acre * $20/gal * 1 spray;http://publications.dyson.cornell.edu/outreach/extensionpdf/2014/Cornell-Dyson-eb1401.pdf;2006
15;Mixed Fruits & Vegetables;Grapes (Conventional);18;;Preharvest;;Spray 11 - Spreader;$0.63 ;;Spreader 4 oz./acre * $20/gal * 1 spray;http://publications.dyson.cornell.edu/outreach/extensionpdf/2014/Cornell-Dyson-eb1401.pdf;2007
15;Mixed Fruits & Vegetables;Grapes (Conventional);19;;Preharvest;;Spray 11 - Spreader;$0.63 ;;Spreader 4 oz./acre * $20/gal * 1 spray;http://publications.dyson.cornell.edu/outreach/extensionpdf/2014/Cornell-Dyson-eb1401.pdf;2008
15;Mixed Fruits & Vegetables;Grapes (Conventional);20;;Preharvest;;Spray 11 - Spreader;$0.63 ;;Spreader 4 oz./acre * $20/gal * 1 spray;http://publications.dyson.cornell.edu/outreach/extensionpdf/2014/Cornell-Dyson-eb1401.pdf;2009
15;Mixed Fruits & Vegetables;Grapes (Conventional);21;;Preharvest;;Spray 11 - Spreader;$0.63 ;;Spreader 4 oz./acre * $20/gal * 1 spray;http://publications.dyson.cornell.edu/outreach/extensionpdf/2014/Cornell-Dyson-eb1401.pdf;2010
15;Mixed Fruits & Vegetables;Grapes (Conventional);22;;Preharvest;;Spray 11 - Spreader;$0.63 ;;Spreader 4 oz./acre * $20/gal * 1 spray;http://publications.dyson.cornell.edu/outreach/extensionpdf/2014/Cornell-Dyson-eb1401.pdf;2011
15;Mixed Fruits & Vegetables;Grapes (Conventional);4;;Preharvest;;Spray 11 - Skilled Labor Costs;$12.00 ;;0.6 hours * $20/hour * 1 spray;;2012
15;Mixed Fruits & Vegetables;Grapes (Conventional);5;;Preharvest;;Spray 11 - Skilled Labor Costs;$12.00 ;;0.6 hours * $20/hour * 1 spray;;2013
15;Mixed Fruits & Vegetables;Grapes (Conventional);6;;Preharvest;;Spray 11 - Skilled Labor Costs;$12.00 ;;0.6 hours * $20/hour * 1 spray;;2014
15;Mixed Fruits & Vegetables;Grapes (Conventional);7;;Preharvest;;Spray 11 - Skilled Labor Costs;$12.00 ;;0.6 hours * $20/hour * 1 spray;;2015
15;Mixed Fruits & Vegetables;Grapes (Conventional);8;;Preharvest;;Spray 11 - Skilled Labor Costs;$12.00 ;;0.6 hours * $20/hour * 1 spray;;2016
15;Mixed Fruits & Vegetables;Grapes (Conventional);9;;Preharvest;;Spray 11 - Skilled Labor Costs;$12.00 ;;0.6 hours * $20/hour * 1 spray;;2017
15;Mixed Fruits & Vegetables;Grapes (Conventional);10;;Preharvest;;Spray 11 - Skilled Labor Costs;$12.00 ;;0.6 hours * $20/hour * 1 spray;;2018
15;Mixed Fruits & Vegetables;Grapes (Conventional);11;;Preharvest;;Spray 11 - Skilled Labor Costs;$12.00 ;;0.6 hours * $20/hour * 1 spray;;2019
15;Mixed Fruits & Vegetables;Grapes (Conventional);12;;Preharvest;;Spray 11 - Skilled Labor Costs;$12.00 ;;0.6 hours * $20/hour * 1 spray;;2020
15;Mixed Fruits & Vegetables;Grapes (Conventional);13;;Preharvest;;Spray 11 - Skilled Labor Costs;$12.00 ;;0.6 hours * $20/hour * 1 spray;;2021
15;Mixed Fruits & Vegetables;Grapes (Conventional);14;;Preharvest;;Spray 11 - Skilled Labor Costs;$12.00 ;;0.6 hours * $20/hour * 1 spray;;2022
15;Mixed Fruits & Vegetables;Grapes (Conventional);15;;Preharvest;;Spray 11 - Skilled Labor Costs;$12.00 ;;0.6 hours * $20/hour * 1 spray;;2023
15;Mixed Fruits & Vegetables;Grapes (Conventional);16;;Preharvest;;Spray 11 - Skilled Labor Costs;$12.00 ;;0.6 hours * $20/hour * 1 spray;;2024
15;Mixed Fruits & Vegetables;Grapes (Conventional);17;;Preharvest;;Spray 11 - Skilled Labor Costs;$12.00 ;;0.6 hours * $20/hour * 1 spray;;2025
15;Mixed Fruits & Vegetables;Grapes (Conventional);18;;Preharvest;;Spray 11 - Skilled Labor Costs;$12.00 ;;0.6 hours * $20/hour * 1 spray;;2026
15;Mixed Fruits & Vegetables;Grapes (Conventional);19;;Preharvest;;Spray 11 - Skilled Labor Costs;$12.00 ;;0.6 hours * $20/hour * 1 spray;;2027
15;Mixed Fruits & Vegetables;Grapes (Conventional);20;;Preharvest;;Spray 11 - Skilled Labor Costs;$12.00 ;;0.6 hours * $20/hour * 1 spray;;2028
15;Mixed Fruits & Vegetables;Grapes (Conventional);21;;Preharvest;;Spray 11 - Skilled Labor Costs;$12.00 ;;0.6 hours * $20/hour * 1 spray;;2029
15;Mixed Fruits & Vegetables;Grapes (Conventional);22;;Preharvest;;Spray 11 - Skilled Labor Costs;$12.00 ;;0.6 hours * $20/hour * 1 spray;;2030
15;Mixed Fruits & Vegetables;Grapes (Conventional);4;;Preharvest;;Spray 11 - Equipment Costs;$13.97 ;;??? $13.97 * 1 spray ???;;2031
15;Mixed Fruits & Vegetables;Grapes (Conventional);5;;Preharvest;;Spray 11 - Equipment Costs;$13.97 ;;??? $13.97 * 1 spray ???;;2032
15;Mixed Fruits & Vegetables;Grapes (Conventional);6;;Preharvest;;Spray 11 - Equipment Costs;$13.97 ;;??? $13.97 * 1 spray ???;;2033
15;Mixed Fruits & Vegetables;Grapes (Conventional);7;;Preharvest;;Spray 11 - Equipment Costs;$13.97 ;;??? $13.97 * 1 spray ???;;2034
15;Mixed Fruits & Vegetables;Grapes (Conventional);8;;Preharvest;;Spray 11 - Equipment Costs;$13.97 ;;??? $13.97 * 1 spray ???;;2035
15;Mixed Fruits & Vegetables;Grapes (Conventional);9;;Preharvest;;Spray 11 - Equipment Costs;$13.97 ;;??? $13.97 * 1 spray ???;;2036
15;Mixed Fruits & Vegetables;Grapes (Conventional);10;;Preharvest;;Spray 11 - Equipment Costs;$13.97 ;;??? $13.97 * 1 spray ???;;2037
15;Mixed Fruits & Vegetables;Grapes (Conventional);11;;Preharvest;;Spray 11 - Equipment Costs;$13.97 ;;??? $13.97 * 1 spray ???;;2038
15;Mixed Fruits & Vegetables;Grapes (Conventional);12;;Preharvest;;Spray 11 - Equipment Costs;$13.97 ;;??? $13.97 * 1 spray ???;;2039
15;Mixed Fruits & Vegetables;Grapes (Conventional);13;;Preharvest;;Spray 11 - Equipment Costs;$13.97 ;;??? $13.97 * 1 spray ???;;2040
15;Mixed Fruits & Vegetables;Grapes (Conventional);14;;Preharvest;;Spray 11 - Equipment Costs;$13.97 ;;??? $13.97 * 1 spray ???;;2041
15;Mixed Fruits & Vegetables;Grapes (Conventional);15;;Preharvest;;Spray 11 - Equipment Costs;$13.97 ;;??? $13.97 * 1 spray ???;;2042
15;Mixed Fruits & Vegetables;Grapes (Conventional);16;;Preharvest;;Spray 11 - Equipment Costs;$13.97 ;;??? $13.97 * 1 spray ???;;2043
15;Mixed Fruits & Vegetables;Grapes (Conventional);17;;Preharvest;;Spray 11 - Equipment Costs;$13.97 ;;??? $13.97 * 1 spray ???;;2044
15;Mixed Fruits & Vegetables;Grapes (Conventional);18;;Preharvest;;Spray 11 - Equipment Costs;$13.97 ;;??? $13.97 * 1 spray ???;;2045
15;Mixed Fruits & Vegetables;Grapes (Conventional);19;;Preharvest;;Spray 11 - Equipment Costs;$13.97 ;;??? $13.97 * 1 spray ???;;2046
15;Mixed Fruits & Vegetables;Grapes (Conventional);20;;Preharvest;;Spray 11 - Equipment Costs;$13.97 ;;??? $13.97 * 1 spray ???;;2047
15;Mixed Fruits & Vegetables;Grapes (Conventional);21;;Preharvest;;Spray 11 - Equipment Costs;$13.97 ;;??? $13.97 * 1 spray ???;;2048
15;Mixed Fruits & Vegetables;Grapes (Conventional);22;;Preharvest;;Spray 11 - Equipment Costs;$13.97 ;;??? $13.97 * 1 spray ???;;2049
15;Mixed Fruits & Vegetables;Grapes (Conventional);4;;Preharvest;;Spray 12 - Captan 80 WP;$16.50 ;;Captan 80WP 2.5 lbs/acre * $6.60/lb * 1 spray;http://publications.dyson.cornell.edu/outreach/extensionpdf/2014/Cornell-Dyson-eb1401.pdf;2050
15;Mixed Fruits & Vegetables;Grapes (Conventional);5;;Preharvest;;Spray 12 - Captan 80 WP;$16.50 ;;Captan 80WP 2.5 lbs/acre * $6.60/lb * 1 spray;http://publications.dyson.cornell.edu/outreach/extensionpdf/2014/Cornell-Dyson-eb1401.pdf;2051
15;Mixed Fruits & Vegetables;Grapes (Conventional);6;;Preharvest;;Spray 12 - Captan 80 WP;$16.50 ;;Captan 80WP 2.5 lbs/acre * $6.60/lb * 1 spray;http://publications.dyson.cornell.edu/outreach/extensionpdf/2014/Cornell-Dyson-eb1401.pdf;2052
15;Mixed Fruits & Vegetables;Grapes (Conventional);7;;Preharvest;;Spray 12 - Captan 80 WP;$16.50 ;;Captan 80WP 2.5 lbs/acre * $6.60/lb * 1 spray;http://publications.dyson.cornell.edu/outreach/extensionpdf/2014/Cornell-Dyson-eb1401.pdf;2053
15;Mixed Fruits & Vegetables;Grapes (Conventional);8;;Preharvest;;Spray 12 - Captan 80 WP;$16.50 ;;Captan 80WP 2.5 lbs/acre * $6.60/lb * 1 spray;http://publications.dyson.cornell.edu/outreach/extensionpdf/2014/Cornell-Dyson-eb1401.pdf;2054
15;Mixed Fruits & Vegetables;Grapes (Conventional);9;;Preharvest;;Spray 12 - Captan 80 WP;$16.50 ;;Captan 80WP 2.5 lbs/acre * $6.60/lb * 1 spray;http://publications.dyson.cornell.edu/outreach/extensionpdf/2014/Cornell-Dyson-eb1401.pdf;2055
15;Mixed Fruits & Vegetables;Grapes (Conventional);10;;Preharvest;;Spray 12 - Captan 80 WP;$16.50 ;;Captan 80WP 2.5 lbs/acre * $6.60/lb * 1 spray;http://publications.dyson.cornell.edu/outreach/extensionpdf/2014/Cornell-Dyson-eb1401.pdf;2056
15;Mixed Fruits & Vegetables;Grapes (Conventional);11;;Preharvest;;Spray 12 - Captan 80 WP;$16.50 ;;Captan 80WP 2.5 lbs/acre * $6.60/lb * 1 spray;http://publications.dyson.cornell.edu/outreach/extensionpdf/2014/Cornell-Dyson-eb1401.pdf;2057
15;Mixed Fruits & Vegetables;Grapes (Conventional);12;;Preharvest;;Spray 12 - Captan 80 WP;$16.50 ;;Captan 80WP 2.5 lbs/acre * $6.60/lb * 1 spray;http://publications.dyson.cornell.edu/outreach/extensionpdf/2014/Cornell-Dyson-eb1401.pdf;2058
15;Mixed Fruits & Vegetables;Grapes (Conventional);13;;Preharvest;;Spray 12 - Captan 80 WP;$16.50 ;;Captan 80WP 2.5 lbs/acre * $6.60/lb * 1 spray;http://publications.dyson.cornell.edu/outreach/extensionpdf/2014/Cornell-Dyson-eb1401.pdf;2059
15;Mixed Fruits & Vegetables;Grapes (Conventional);14;;Preharvest;;Spray 12 - Captan 80 WP;$16.50 ;;Captan 80WP 2.5 lbs/acre * $6.60/lb * 1 spray;http://publications.dyson.cornell.edu/outreach/extensionpdf/2014/Cornell-Dyson-eb1401.pdf;2060
15;Mixed Fruits & Vegetables;Grapes (Conventional);15;;Preharvest;;Spray 12 - Captan 80 WP;$16.50 ;;Captan 80WP 2.5 lbs/acre * $6.60/lb * 1 spray;http://publications.dyson.cornell.edu/outreach/extensionpdf/2014/Cornell-Dyson-eb1401.pdf;2061
15;Mixed Fruits & Vegetables;Grapes (Conventional);16;;Preharvest;;Spray 12 - Captan 80 WP;$16.50 ;;Captan 80WP 2.5 lbs/acre * $6.60/lb * 1 spray;http://publications.dyson.cornell.edu/outreach/extensionpdf/2014/Cornell-Dyson-eb1401.pdf;2062
15;Mixed Fruits & Vegetables;Grapes (Conventional);17;;Preharvest;;Spray 12 - Captan 80 WP;$16.50 ;;Captan 80WP 2.5 lbs/acre * $6.60/lb * 1 spray;http://publications.dyson.cornell.edu/outreach/extensionpdf/2014/Cornell-Dyson-eb1401.pdf;2063
15;Mixed Fruits & Vegetables;Grapes (Conventional);18;;Preharvest;;Spray 12 - Captan 80 WP;$16.50 ;;Captan 80WP 2.5 lbs/acre * $6.60/lb * 1 spray;http://publications.dyson.cornell.edu/outreach/extensionpdf/2014/Cornell-Dyson-eb1401.pdf;2064
15;Mixed Fruits & Vegetables;Grapes (Conventional);19;;Preharvest;;Spray 12 - Captan 80 WP;$16.50 ;;Captan 80WP 2.5 lbs/acre * $6.60/lb * 1 spray;http://publications.dyson.cornell.edu/outreach/extensionpdf/2014/Cornell-Dyson-eb1401.pdf;2065
15;Mixed Fruits & Vegetables;Grapes (Conventional);20;;Preharvest;;Spray 12 - Captan 80 WP;$16.50 ;;Captan 80WP 2.5 lbs/acre * $6.60/lb * 1 spray;http://publications.dyson.cornell.edu/outreach/extensionpdf/2014/Cornell-Dyson-eb1401.pdf;2066
15;Mixed Fruits & Vegetables;Grapes (Conventional);21;;Preharvest;;Spray 12 - Captan 80 WP;$16.50 ;;Captan 80WP 2.5 lbs/acre * $6.60/lb * 1 spray;http://publications.dyson.cornell.edu/outreach/extensionpdf/2014/Cornell-Dyson-eb1401.pdf;2067
15;Mixed Fruits & Vegetables;Grapes (Conventional);22;;Preharvest;;Spray 12 - Captan 80 WP;$16.50 ;;Captan 80WP 2.5 lbs/acre * $6.60/lb * 1 spray;http://publications.dyson.cornell.edu/outreach/extensionpdf/2014/Cornell-Dyson-eb1401.pdf;2068
15;Mixed Fruits & Vegetables;Grapes (Conventional);4;;Preharvest;;Spray 12 - Sulfur;$2.50 ;;Sulfur 5 lbs/acre * $0.50/lb * 1 spray;http://publications.dyson.cornell.edu/outreach/extensionpdf/2014/Cornell-Dyson-eb1401.pdf;2069
15;Mixed Fruits & Vegetables;Grapes (Conventional);5;;Preharvest;;Spray 12 - Sulfur;$2.50 ;;Sulfur 5 lbs/acre * $0.50/lb * 1 spray;http://publications.dyson.cornell.edu/outreach/extensionpdf/2014/Cornell-Dyson-eb1401.pdf;2070
15;Mixed Fruits & Vegetables;Grapes (Conventional);6;;Preharvest;;Spray 12 - Sulfur;$2.50 ;;Sulfur 5 lbs/acre * $0.50/lb * 1 spray;http://publications.dyson.cornell.edu/outreach/extensionpdf/2014/Cornell-Dyson-eb1401.pdf;2071
15;Mixed Fruits & Vegetables;Grapes (Conventional);7;;Preharvest;;Spray 12 - Sulfur;$2.50 ;;Sulfur 5 lbs/acre * $0.50/lb * 1 spray;http://publications.dyson.cornell.edu/outreach/extensionpdf/2014/Cornell-Dyson-eb1401.pdf;2072
15;Mixed Fruits & Vegetables;Grapes (Conventional);8;;Preharvest;;Spray 12 - Sulfur;$2.50 ;;Sulfur 5 lbs/acre * $0.50/lb * 1 spray;http://publications.dyson.cornell.edu/outreach/extensionpdf/2014/Cornell-Dyson-eb1401.pdf;2073
15;Mixed Fruits & Vegetables;Grapes (Conventional);9;;Preharvest;;Spray 12 - Sulfur;$2.50 ;;Sulfur 5 lbs/acre * $0.50/lb * 1 spray;http://publications.dyson.cornell.edu/outreach/extensionpdf/2014/Cornell-Dyson-eb1401.pdf;2074
15;Mixed Fruits & Vegetables;Grapes (Conventional);10;;Preharvest;;Spray 12 - Sulfur;$2.50 ;;Sulfur 5 lbs/acre * $0.50/lb * 1 spray;http://publications.dyson.cornell.edu/outreach/extensionpdf/2014/Cornell-Dyson-eb1401.pdf;2075
15;Mixed Fruits & Vegetables;Grapes (Conventional);11;;Preharvest;;Spray 12 - Sulfur;$2.50 ;;Sulfur 5 lbs/acre * $0.50/lb * 1 spray;http://publications.dyson.cornell.edu/outreach/extensionpdf/2014/Cornell-Dyson-eb1401.pdf;2076
15;Mixed Fruits & Vegetables;Grapes (Conventional);12;;Preharvest;;Spray 12 - Sulfur;$2.50 ;;Sulfur 5 lbs/acre * $0.50/lb * 1 spray;http://publications.dyson.cornell.edu/outreach/extensionpdf/2014/Cornell-Dyson-eb1401.pdf;2077
15;Mixed Fruits & Vegetables;Grapes (Conventional);13;;Preharvest;;Spray 12 - Sulfur;$2.50 ;;Sulfur 5 lbs/acre * $0.50/lb * 1 spray;http://publications.dyson.cornell.edu/outreach/extensionpdf/2014/Cornell-Dyson-eb1401.pdf;2078
15;Mixed Fruits & Vegetables;Grapes (Conventional);14;;Preharvest;;Spray 12 - Sulfur;$2.50 ;;Sulfur 5 lbs/acre * $0.50/lb * 1 spray;http://publications.dyson.cornell.edu/outreach/extensionpdf/2014/Cornell-Dyson-eb1401.pdf;2079
15;Mixed Fruits & Vegetables;Grapes (Conventional);15;;Preharvest;;Spray 12 - Sulfur;$2.50 ;;Sulfur 5 lbs/acre * $0.50/lb * 1 spray;http://publications.dyson.cornell.edu/outreach/extensionpdf/2014/Cornell-Dyson-eb1401.pdf;2080
15;Mixed Fruits & Vegetables;Grapes (Conventional);16;;Preharvest;;Spray 12 - Sulfur;$2.50 ;;Sulfur 5 lbs/acre * $0.50/lb * 1 spray;http://publications.dyson.cornell.edu/outreach/extensionpdf/2014/Cornell-Dyson-eb1401.pdf;2081
15;Mixed Fruits & Vegetables;Grapes (Conventional);17;;Preharvest;;Spray 12 - Sulfur;$2.50 ;;Sulfur 5 lbs/acre * $0.50/lb * 1 spray;http://publications.dyson.cornell.edu/outreach/extensionpdf/2014/Cornell-Dyson-eb1401.pdf;2082
15;Mixed Fruits & Vegetables;Grapes (Conventional);18;;Preharvest;;Spray 12 - Sulfur;$2.50 ;;Sulfur 5 lbs/acre * $0.50/lb * 1 spray;http://publications.dyson.cornell.edu/outreach/extensionpdf/2014/Cornell-Dyson-eb1401.pdf;2083
15;Mixed Fruits & Vegetables;Grapes (Conventional);19;;Preharvest;;Spray 12 - Sulfur;$2.50 ;;Sulfur 5 lbs/acre * $0.50/lb * 1 spray;http://publications.dyson.cornell.edu/outreach/extensionpdf/2014/Cornell-Dyson-eb1401.pdf;2084
15;Mixed Fruits & Vegetables;Grapes (Conventional);20;;Preharvest;;Spray 12 - Sulfur;$2.50 ;;Sulfur 5 lbs/acre * $0.50/lb * 1 spray;http://publications.dyson.cornell.edu/outreach/extensionpdf/2014/Cornell-Dyson-eb1401.pdf;2085
15;Mixed Fruits & Vegetables;Grapes (Conventional);21;;Preharvest;;Spray 12 - Sulfur;$2.50 ;;Sulfur 5 lbs/acre * $0.50/lb * 1 spray;http://publications.dyson.cornell.edu/outreach/extensionpdf/2014/Cornell-Dyson-eb1401.pdf;2086
15;Mixed Fruits & Vegetables;Grapes (Conventional);22;;Preharvest;;Spray 12 - Sulfur;$2.50 ;;Sulfur 5 lbs/acre * $0.50/lb * 1 spray;http://publications.dyson.cornell.edu/outreach/extensionpdf/2014/Cornell-Dyson-eb1401.pdf;2087
15;Mixed Fruits & Vegetables;Grapes (Conventional);4;;Preharvest;;Spray 12 - Elevate 50 WP;$42.75 ;;Elevate 50 WP 1 lbs/acre * $42.75/oz * 1 spray;http://publications.dyson.cornell.edu/outreach/extensionpdf/2014/Cornell-Dyson-eb1401.pdf;2088
15;Mixed Fruits & Vegetables;Grapes (Conventional);5;;Preharvest;;Spray 12 - Elevate 50 WP;$42.75 ;;Elevate 50 WP 1 lbs/acre * $42.75/oz * 1 spray;http://publications.dyson.cornell.edu/outreach/extensionpdf/2014/Cornell-Dyson-eb1401.pdf;2089
15;Mixed Fruits & Vegetables;Grapes (Conventional);6;;Preharvest;;Spray 12 - Elevate 50 WP;$42.75 ;;Elevate 50 WP 1 lbs/acre * $42.75/oz * 1 spray;http://publications.dyson.cornell.edu/outreach/extensionpdf/2014/Cornell-Dyson-eb1401.pdf;2090
15;Mixed Fruits & Vegetables;Grapes (Conventional);7;;Preharvest;;Spray 12 - Elevate 50 WP;$42.75 ;;Elevate 50 WP 1 lbs/acre * $42.75/oz * 1 spray;http://publications.dyson.cornell.edu/outreach/extensionpdf/2014/Cornell-Dyson-eb1401.pdf;2091
15;Mixed Fruits & Vegetables;Grapes (Conventional);8;;Preharvest;;Spray 12 - Elevate 50 WP;$42.75 ;;Elevate 50 WP 1 lbs/acre * $42.75/oz * 1 spray;http://publications.dyson.cornell.edu/outreach/extensionpdf/2014/Cornell-Dyson-eb1401.pdf;2092
15;Mixed Fruits & Vegetables;Grapes (Conventional);9;;Preharvest;;Spray 12 - Elevate 50 WP;$42.75 ;;Elevate 50 WP 1 lbs/acre * $42.75/oz * 1 spray;http://publications.dyson.cornell.edu/outreach/extensionpdf/2014/Cornell-Dyson-eb1401.pdf;2093
15;Mixed Fruits & Vegetables;Grapes (Conventional);10;;Preharvest;;Spray 12 - Elevate 50 WP;$42.75 ;;Elevate 50 WP 1 lbs/acre * $42.75/oz * 1 spray;http://publications.dyson.cornell.edu/outreach/extensionpdf/2014/Cornell-Dyson-eb1401.pdf;2094
15;Mixed Fruits & Vegetables;Grapes (Conventional);11;;Preharvest;;Spray 12 - Elevate 50 WP;$42.75 ;;Elevate 50 WP 1 lbs/acre * $42.75/oz * 1 spray;http://publications.dyson.cornell.edu/outreach/extensionpdf/2014/Cornell-Dyson-eb1401.pdf;2095
15;Mixed Fruits & Vegetables;Grapes (Conventional);12;;Preharvest;;Spray 12 - Elevate 50 WP;$42.75 ;;Elevate 50 WP 1 lbs/acre * $42.75/oz * 1 spray;http://publications.dyson.cornell.edu/outreach/extensionpdf/2014/Cornell-Dyson-eb1401.pdf;2096
15;Mixed Fruits & Vegetables;Grapes (Conventional);13;;Preharvest;;Spray 12 - Elevate 50 WP;$42.75 ;;Elevate 50 WP 1 lbs/acre * $42.75/oz * 1 spray;http://publications.dyson.cornell.edu/outreach/extensionpdf/2014/Cornell-Dyson-eb1401.pdf;2097
15;Mixed Fruits & Vegetables;Grapes (Conventional);14;;Preharvest;;Spray 12 - Elevate 50 WP;$42.75 ;;Elevate 50 WP 1 lbs/acre * $42.75/oz * 1 spray;http://publications.dyson.cornell.edu/outreach/extensionpdf/2014/Cornell-Dyson-eb1401.pdf;2098
15;Mixed Fruits & Vegetables;Grapes (Conventional);15;;Preharvest;;Spray 12 - Elevate 50 WP;$42.75 ;;Elevate 50 WP 1 lbs/acre * $42.75/oz * 1 spray;http://publications.dyson.cornell.edu/outreach/extensionpdf/2014/Cornell-Dyson-eb1401.pdf;2099
15;Mixed Fruits & Vegetables;Grapes (Conventional);16;;Preharvest;;Spray 12 - Elevate 50 WP;$42.75 ;;Elevate 50 WP 1 lbs/acre * $42.75/oz * 1 spray;http://publications.dyson.cornell.edu/outreach/extensionpdf/2014/Cornell-Dyson-eb1401.pdf;2100
15;Mixed Fruits & Vegetables;Grapes (Conventional);17;;Preharvest;;Spray 12 - Elevate 50 WP;$42.75 ;;Elevate 50 WP 1 lbs/acre * $42.75/oz * 1 spray;http://publications.dyson.cornell.edu/outreach/extensionpdf/2014/Cornell-Dyson-eb1401.pdf;2101
15;Mixed Fruits & Vegetables;Grapes (Conventional);18;;Preharvest;;Spray 12 - Elevate 50 WP;$42.75 ;;Elevate 50 WP 1 lbs/acre * $42.75/oz * 1 spray;http://publications.dyson.cornell.edu/outreach/extensionpdf/2014/Cornell-Dyson-eb1401.pdf;2102
15;Mixed Fruits & Vegetables;Grapes (Conventional);19;;Preharvest;;Spray 12 - Elevate 50 WP;$42.75 ;;Elevate 50 WP 1 lbs/acre * $42.75/oz * 1 spray;http://publications.dyson.cornell.edu/outreach/extensionpdf/2014/Cornell-Dyson-eb1401.pdf;2103
15;Mixed Fruits & Vegetables;Grapes (Conventional);20;;Preharvest;;Spray 12 - Elevate 50 WP;$42.75 ;;Elevate 50 WP 1 lbs/acre * $42.75/oz * 1 spray;http://publications.dyson.cornell.edu/outreach/extensionpdf/2014/Cornell-Dyson-eb1401.pdf;2104
15;Mixed Fruits & Vegetables;Grapes (Conventional);21;;Preharvest;;Spray 12 - Elevate 50 WP;$42.75 ;;Elevate 50 WP 1 lbs/acre * $42.75/oz * 1 spray;http://publications.dyson.cornell.edu/outreach/extensionpdf/2014/Cornell-Dyson-eb1401.pdf;2105
15;Mixed Fruits & Vegetables;Grapes (Conventional);22;;Preharvest;;Spray 12 - Elevate 50 WP;$42.75 ;;Elevate 50 WP 1 lbs/acre * $42.75/oz * 1 spray;http://publications.dyson.cornell.edu/outreach/extensionpdf/2014/Cornell-Dyson-eb1401.pdf;2106
15;Mixed Fruits & Vegetables;Grapes (Conventional);4;;Preharvest;;Spray 12 - Spreader;$0.63 ;;Spreader 4 oz./acre * $20/gal * 1 spray;http://publications.dyson.cornell.edu/outreach/extensionpdf/2014/Cornell-Dyson-eb1401.pdf;2107
15;Mixed Fruits & Vegetables;Grapes (Conventional);5;;Preharvest;;Spray 12 - Spreader;$0.63 ;;Spreader 4 oz./acre * $20/gal * 1 spray;http://publications.dyson.cornell.edu/outreach/extensionpdf/2014/Cornell-Dyson-eb1401.pdf;2108
15;Mixed Fruits & Vegetables;Grapes (Conventional);6;;Preharvest;;Spray 12 - Spreader;$0.63 ;;Spreader 4 oz./acre * $20/gal * 1 spray;http://publications.dyson.cornell.edu/outreach/extensionpdf/2014/Cornell-Dyson-eb1401.pdf;2109
15;Mixed Fruits & Vegetables;Grapes (Conventional);7;;Preharvest;;Spray 12 - Spreader;$0.63 ;;Spreader 4 oz./acre * $20/gal * 1 spray;http://publications.dyson.cornell.edu/outreach/extensionpdf/2014/Cornell-Dyson-eb1401.pdf;2110
15;Mixed Fruits & Vegetables;Grapes (Conventional);8;;Preharvest;;Spray 12 - Spreader;$0.63 ;;Spreader 4 oz./acre * $20/gal * 1 spray;http://publications.dyson.cornell.edu/outreach/extensionpdf/2014/Cornell-Dyson-eb1401.pdf;2111
15;Mixed Fruits & Vegetables;Grapes (Conventional);9;;Preharvest;;Spray 12 - Spreader;$0.63 ;;Spreader 4 oz./acre * $20/gal * 1 spray;http://publications.dyson.cornell.edu/outreach/extensionpdf/2014/Cornell-Dyson-eb1401.pdf;2112
15;Mixed Fruits & Vegetables;Grapes (Conventional);10;;Preharvest;;Spray 12 - Spreader;$0.63 ;;Spreader 4 oz./acre * $20/gal * 1 spray;http://publications.dyson.cornell.edu/outreach/extensionpdf/2014/Cornell-Dyson-eb1401.pdf;2113
15;Mixed Fruits & Vegetables;Grapes (Conventional);11;;Preharvest;;Spray 12 - Spreader;$0.63 ;;Spreader 4 oz./acre * $20/gal * 1 spray;http://publications.dyson.cornell.edu/outreach/extensionpdf/2014/Cornell-Dyson-eb1401.pdf;2114
15;Mixed Fruits & Vegetables;Grapes (Conventional);12;;Preharvest;;Spray 12 - Spreader;$0.63 ;;Spreader 4 oz./acre * $20/gal * 1 spray;http://publications.dyson.cornell.edu/outreach/extensionpdf/2014/Cornell-Dyson-eb1401.pdf;2115
15;Mixed Fruits & Vegetables;Grapes (Conventional);13;;Preharvest;;Spray 12 - Spreader;$0.63 ;;Spreader 4 oz./acre * $20/gal * 1 spray;http://publications.dyson.cornell.edu/outreach/extensionpdf/2014/Cornell-Dyson-eb1401.pdf;2116
15;Mixed Fruits & Vegetables;Grapes (Conventional);14;;Preharvest;;Spray 12 - Spreader;$0.63 ;;Spreader 4 oz./acre * $20/gal * 1 spray;http://publications.dyson.cornell.edu/outreach/extensionpdf/2014/Cornell-Dyson-eb1401.pdf;2117
15;Mixed Fruits & Vegetables;Grapes (Conventional);15;;Preharvest;;Spray 12 - Spreader;$0.63 ;;Spreader 4 oz./acre * $20/gal * 1 spray;http://publications.dyson.cornell.edu/outreach/extensionpdf/2014/Cornell-Dyson-eb1401.pdf;2118
15;Mixed Fruits & Vegetables;Grapes (Conventional);16;;Preharvest;;Spray 12 - Spreader;$0.63 ;;Spreader 4 oz./acre * $20/gal * 1 spray;http://publications.dyson.cornell.edu/outreach/extensionpdf/2014/Cornell-Dyson-eb1401.pdf;2119
15;Mixed Fruits & Vegetables;Grapes (Conventional);17;;Preharvest;;Spray 12 - Spreader;$0.63 ;;Spreader 4 oz./acre * $20/gal * 1 spray;http://publications.dyson.cornell.edu/outreach/extensionpdf/2014/Cornell-Dyson-eb1401.pdf;2120
15;Mixed Fruits & Vegetables;Grapes (Conventional);18;;Preharvest;;Spray 12 - Spreader;$0.63 ;;Spreader 4 oz./acre * $20/gal * 1 spray;http://publications.dyson.cornell.edu/outreach/extensionpdf/2014/Cornell-Dyson-eb1401.pdf;2121
15;Mixed Fruits & Vegetables;Grapes (Conventional);19;;Preharvest;;Spray 12 - Spreader;$0.63 ;;Spreader 4 oz./acre * $20/gal * 1 spray;http://publications.dyson.cornell.edu/outreach/extensionpdf/2014/Cornell-Dyson-eb1401.pdf;2122
15;Mixed Fruits & Vegetables;Grapes (Conventional);20;;Preharvest;;Spray 12 - Spreader;$0.63 ;;Spreader 4 oz./acre * $20/gal * 1 spray;http://publications.dyson.cornell.edu/outreach/extensionpdf/2014/Cornell-Dyson-eb1401.pdf;2123
15;Mixed Fruits & Vegetables;Grapes (Conventional);21;;Preharvest;;Spray 12 - Spreader;$0.63 ;;Spreader 4 oz./acre * $20/gal * 1 spray;http://publications.dyson.cornell.edu/outreach/extensionpdf/2014/Cornell-Dyson-eb1401.pdf;2124
15;Mixed Fruits & Vegetables;Grapes (Conventional);22;;Preharvest;;Spray 12 - Spreader;$0.63 ;;Spreader 4 oz./acre * $20/gal * 1 spray;http://publications.dyson.cornell.edu/outreach/extensionpdf/2014/Cornell-Dyson-eb1401.pdf;2125
15;Mixed Fruits & Vegetables;Grapes (Conventional);4;;Preharvest;;Spray 12 - Skilled Labor Costs;$12.00 ;;0.6 hours * $20/hour * 1 spray;;2126
15;Mixed Fruits & Vegetables;Grapes (Conventional);5;;Preharvest;;Spray 12 - Skilled Labor Costs;$12.00 ;;0.6 hours * $20/hour * 1 spray;;2127
15;Mixed Fruits & Vegetables;Grapes (Conventional);6;;Preharvest;;Spray 12 - Skilled Labor Costs;$12.00 ;;0.6 hours * $20/hour * 1 spray;;2128
15;Mixed Fruits & Vegetables;Grapes (Conventional);7;;Preharvest;;Spray 12 - Skilled Labor Costs;$12.00 ;;0.6 hours * $20/hour * 1 spray;;2129
15;Mixed Fruits & Vegetables;Grapes (Conventional);8;;Preharvest;;Spray 12 - Skilled Labor Costs;$12.00 ;;0.6 hours * $20/hour * 1 spray;;2130
15;Mixed Fruits & Vegetables;Grapes (Conventional);9;;Preharvest;;Spray 12 - Skilled Labor Costs;$12.00 ;;0.6 hours * $20/hour * 1 spray;;2131
15;Mixed Fruits & Vegetables;Grapes (Conventional);10;;Preharvest;;Spray 12 - Skilled Labor Costs;$12.00 ;;0.6 hours * $20/hour * 1 spray;;2132
15;Mixed Fruits & Vegetables;Grapes (Conventional);11;;Preharvest;;Spray 12 - Skilled Labor Costs;$12.00 ;;0.6 hours * $20/hour * 1 spray;;2133
15;Mixed Fruits & Vegetables;Grapes (Conventional);12;;Preharvest;;Spray 12 - Skilled Labor Costs;$12.00 ;;0.6 hours * $20/hour * 1 spray;;2134
15;Mixed Fruits & Vegetables;Grapes (Conventional);13;;Preharvest;;Spray 12 - Skilled Labor Costs;$12.00 ;;0.6 hours * $20/hour * 1 spray;;2135
15;Mixed Fruits & Vegetables;Grapes (Conventional);14;;Preharvest;;Spray 12 - Skilled Labor Costs;$12.00 ;;0.6 hours * $20/hour * 1 spray;;2136
15;Mixed Fruits & Vegetables;Grapes (Conventional);15;;Preharvest;;Spray 12 - Skilled Labor Costs;$12.00 ;;0.6 hours * $20/hour * 1 spray;;2137
15;Mixed Fruits & Vegetables;Grapes (Conventional);16;;Preharvest;;Spray 12 - Skilled Labor Costs;$12.00 ;;0.6 hours * $20/hour * 1 spray;;2138
15;Mixed Fruits & Vegetables;Grapes (Conventional);17;;Preharvest;;Spray 12 - Skilled Labor Costs;$12.00 ;;0.6 hours * $20/hour * 1 spray;;2139
15;Mixed Fruits & Vegetables;Grapes (Conventional);18;;Preharvest;;Spray 12 - Skilled Labor Costs;$12.00 ;;0.6 hours * $20/hour * 1 spray;;2140
15;Mixed Fruits & Vegetables;Grapes (Conventional);19;;Preharvest;;Spray 12 - Skilled Labor Costs;$12.00 ;;0.6 hours * $20/hour * 1 spray;;2141
15;Mixed Fruits & Vegetables;Grapes (Conventional);20;;Preharvest;;Spray 12 - Skilled Labor Costs;$12.00 ;;0.6 hours * $20/hour * 1 spray;;2142
15;Mixed Fruits & Vegetables;Grapes (Conventional);21;;Preharvest;;Spray 12 - Skilled Labor Costs;$12.00 ;;0.6 hours * $20/hour * 1 spray;;2143
15;Mixed Fruits & Vegetables;Grapes (Conventional);22;;Preharvest;;Spray 12 - Skilled Labor Costs;$12.00 ;;0.6 hours * $20/hour * 1 spray;;2144
15;Mixed Fruits & Vegetables;Grapes (Conventional);4;;Preharvest;;Spray 12 - Equipment Costs;$13.97 ;;??? $13.97 * 1 spray ???;;2145
15;Mixed Fruits & Vegetables;Grapes (Conventional);5;;Preharvest;;Spray 12 - Equipment Costs;$13.97 ;;??? $13.97 * 1 spray ???;;2146
15;Mixed Fruits & Vegetables;Grapes (Conventional);6;;Preharvest;;Spray 12 - Equipment Costs;$13.97 ;;??? $13.97 * 1 spray ???;;2147
15;Mixed Fruits & Vegetables;Grapes (Conventional);7;;Preharvest;;Spray 12 - Equipment Costs;$13.97 ;;??? $13.97 * 1 spray ???;;2148
15;Mixed Fruits & Vegetables;Grapes (Conventional);8;;Preharvest;;Spray 12 - Equipment Costs;$13.97 ;;??? $13.97 * 1 spray ???;;2149
15;Mixed Fruits & Vegetables;Grapes (Conventional);9;;Preharvest;;Spray 12 - Equipment Costs;$13.97 ;;??? $13.97 * 1 spray ???;;2150
15;Mixed Fruits & Vegetables;Grapes (Conventional);10;;Preharvest;;Spray 12 - Equipment Costs;$13.97 ;;??? $13.97 * 1 spray ???;;2151
15;Mixed Fruits & Vegetables;Grapes (Conventional);11;;Preharvest;;Spray 12 - Equipment Costs;$13.97 ;;??? $13.97 * 1 spray ???;;2152
15;Mixed Fruits & Vegetables;Grapes (Conventional);12;;Preharvest;;Spray 12 - Equipment Costs;$13.97 ;;??? $13.97 * 1 spray ???;;2153
15;Mixed Fruits & Vegetables;Grapes (Conventional);13;;Preharvest;;Spray 12 - Equipment Costs;$13.97 ;;??? $13.97 * 1 spray ???;;2154
15;Mixed Fruits & Vegetables;Grapes (Conventional);14;;Preharvest;;Spray 12 - Equipment Costs;$13.97 ;;??? $13.97 * 1 spray ???;;2155
15;Mixed Fruits & Vegetables;Grapes (Conventional);15;;Preharvest;;Spray 12 - Equipment Costs;$13.97 ;;??? $13.97 * 1 spray ???;;2156
15;Mixed Fruits & Vegetables;Grapes (Conventional);16;;Preharvest;;Spray 12 - Equipment Costs;$13.97 ;;??? $13.97 * 1 spray ???;;2157
15;Mixed Fruits & Vegetables;Grapes (Conventional);17;;Preharvest;;Spray 12 - Equipment Costs;$13.97 ;;??? $13.97 * 1 spray ???;;2158
15;Mixed Fruits & Vegetables;Grapes (Conventional);18;;Preharvest;;Spray 12 - Equipment Costs;$13.97 ;;??? $13.97 * 1 spray ???;;2159
15;Mixed Fruits & Vegetables;Grapes (Conventional);19;;Preharvest;;Spray 12 - Equipment Costs;$13.97 ;;??? $13.97 * 1 spray ???;;2160
15;Mixed Fruits & Vegetables;Grapes (Conventional);20;;Preharvest;;Spray 12 - Equipment Costs;$13.97 ;;??? $13.97 * 1 spray ???;;2161
15;Mixed Fruits & Vegetables;Grapes (Conventional);21;;Preharvest;;Spray 12 - Equipment Costs;$13.97 ;;??? $13.97 * 1 spray ???;;2162
15;Mixed Fruits & Vegetables;Grapes (Conventional);22;;Preharvest;;Spray 12 - Equipment Costs;$13.97 ;;??? $13.97 * 1 spray ???;;2163
15;Mixed Fruits & Vegetables;Grapes (Conventional);4;;Preharvest;;Mowing (x4) - Skilled Labor Costs;$52.00 ;;;http://publications.dyson.cornell.edu/outreach/extensionpdf/2014/Cornell-Dyson-eb1401.pdf;2164
15;Mixed Fruits & Vegetables;Grapes (Conventional);5;;Preharvest;;Mowing (x4) - Skilled Labor Costs;$52.00 ;;;http://publications.dyson.cornell.edu/outreach/extensionpdf/2014/Cornell-Dyson-eb1401.pdf;2165
15;Mixed Fruits & Vegetables;Grapes (Conventional);6;;Preharvest;;Mowing (x4) - Skilled Labor Costs;$52.00 ;;;http://publications.dyson.cornell.edu/outreach/extensionpdf/2014/Cornell-Dyson-eb1401.pdf;2166
15;Mixed Fruits & Vegetables;Grapes (Conventional);7;;Preharvest;;Mowing (x4) - Skilled Labor Costs;$52.00 ;;;http://publications.dyson.cornell.edu/outreach/extensionpdf/2014/Cornell-Dyson-eb1401.pdf;2167
15;Mixed Fruits & Vegetables;Grapes (Conventional);8;;Preharvest;;Mowing (x4) - Skilled Labor Costs;$52.00 ;;;http://publications.dyson.cornell.edu/outreach/extensionpdf/2014/Cornell-Dyson-eb1401.pdf;2168
15;Mixed Fruits & Vegetables;Grapes (Conventional);9;;Preharvest;;Mowing (x4) - Skilled Labor Costs;$52.00 ;;;http://publications.dyson.cornell.edu/outreach/extensionpdf/2014/Cornell-Dyson-eb1401.pdf;2169
15;Mixed Fruits & Vegetables;Grapes (Conventional);10;;Preharvest;;Mowing (x4) - Skilled Labor Costs;$52.00 ;;;http://publications.dyson.cornell.edu/outreach/extensionpdf/2014/Cornell-Dyson-eb1401.pdf;2170
15;Mixed Fruits & Vegetables;Grapes (Conventional);11;;Preharvest;;Mowing (x4) - Skilled Labor Costs;$52.00 ;;;http://publications.dyson.cornell.edu/outreach/extensionpdf/2014/Cornell-Dyson-eb1401.pdf;2171
15;Mixed Fruits & Vegetables;Grapes (Conventional);12;;Preharvest;;Mowing (x4) - Skilled Labor Costs;$52.00 ;;;http://publications.dyson.cornell.edu/outreach/extensionpdf/2014/Cornell-Dyson-eb1401.pdf;2172
15;Mixed Fruits & Vegetables;Grapes (Conventional);13;;Preharvest;;Mowing (x4) - Skilled Labor Costs;$52.00 ;;;http://publications.dyson.cornell.edu/outreach/extensionpdf/2014/Cornell-Dyson-eb1401.pdf;2173
15;Mixed Fruits & Vegetables;Grapes (Conventional);14;;Preharvest;;Mowing (x4) - Skilled Labor Costs;$52.00 ;;;http://publications.dyson.cornell.edu/outreach/extensionpdf/2014/Cornell-Dyson-eb1401.pdf;2174
15;Mixed Fruits & Vegetables;Grapes (Conventional);15;;Preharvest;;Mowing (x4) - Skilled Labor Costs;$52.00 ;;;http://publications.dyson.cornell.edu/outreach/extensionpdf/2014/Cornell-Dyson-eb1401.pdf;2175
15;Mixed Fruits & Vegetables;Grapes (Conventional);16;;Preharvest;;Mowing (x4) - Skilled Labor Costs;$52.00 ;;;http://publications.dyson.cornell.edu/outreach/extensionpdf/2014/Cornell-Dyson-eb1401.pdf;2176
15;Mixed Fruits & Vegetables;Grapes (Conventional);17;;Preharvest;;Mowing (x4) - Skilled Labor Costs;$52.00 ;;;http://publications.dyson.cornell.edu/outreach/extensionpdf/2014/Cornell-Dyson-eb1401.pdf;2177
15;Mixed Fruits & Vegetables;Grapes (Conventional);18;;Preharvest;;Mowing (x4) - Skilled Labor Costs;$52.00 ;;;http://publications.dyson.cornell.edu/outreach/extensionpdf/2014/Cornell-Dyson-eb1401.pdf;2178
15;Mixed Fruits & Vegetables;Grapes (Conventional);19;;Preharvest;;Mowing (x4) - Skilled Labor Costs;$52.00 ;;;http://publications.dyson.cornell.edu/outreach/extensionpdf/2014/Cornell-Dyson-eb1401.pdf;2179
15;Mixed Fruits & Vegetables;Grapes (Conventional);20;;Preharvest;;Mowing (x4) - Skilled Labor Costs;$52.00 ;;;http://publications.dyson.cornell.edu/outreach/extensionpdf/2014/Cornell-Dyson-eb1401.pdf;2180
15;Mixed Fruits & Vegetables;Grapes (Conventional);21;;Preharvest;;Mowing (x4) - Skilled Labor Costs;$52.00 ;;;http://publications.dyson.cornell.edu/outreach/extensionpdf/2014/Cornell-Dyson-eb1401.pdf;2181
15;Mixed Fruits & Vegetables;Grapes (Conventional);22;;Preharvest;;Mowing (x4) - Skilled Labor Costs;$52.00 ;;;http://publications.dyson.cornell.edu/outreach/extensionpdf/2014/Cornell-Dyson-eb1401.pdf;2182
15;Mixed Fruits & Vegetables;Grapes (Conventional);4;;Preharvest;;Mowing (x4) - Equipment Costs;$42.28 ;;;http://publications.dyson.cornell.edu/outreach/extensionpdf/2014/Cornell-Dyson-eb1401.pdf;2183
15;Mixed Fruits & Vegetables;Grapes (Conventional);5;;Preharvest;;Mowing (x4) - Equipment Costs;$42.28 ;;;http://publications.dyson.cornell.edu/outreach/extensionpdf/2014/Cornell-Dyson-eb1401.pdf;2184
15;Mixed Fruits & Vegetables;Grapes (Conventional);6;;Preharvest;;Mowing (x4) - Equipment Costs;$42.28 ;;;http://publications.dyson.cornell.edu/outreach/extensionpdf/2014/Cornell-Dyson-eb1401.pdf;2185
15;Mixed Fruits & Vegetables;Grapes (Conventional);7;;Preharvest;;Mowing (x4) - Equipment Costs;$42.28 ;;;http://publications.dyson.cornell.edu/outreach/extensionpdf/2014/Cornell-Dyson-eb1401.pdf;2186
15;Mixed Fruits & Vegetables;Grapes (Conventional);8;;Preharvest;;Mowing (x4) - Equipment Costs;$42.28 ;;;http://publications.dyson.cornell.edu/outreach/extensionpdf/2014/Cornell-Dyson-eb1401.pdf;2187
15;Mixed Fruits & Vegetables;Grapes (Conventional);9;;Preharvest;;Mowing (x4) - Equipment Costs;$42.28 ;;;http://publications.dyson.cornell.edu/outreach/extensionpdf/2014/Cornell-Dyson-eb1401.pdf;2188
15;Mixed Fruits & Vegetables;Grapes (Conventional);10;;Preharvest;;Mowing (x4) - Equipment Costs;$42.28 ;;;http://publications.dyson.cornell.edu/outreach/extensionpdf/2014/Cornell-Dyson-eb1401.pdf;2189
15;Mixed Fruits & Vegetables;Grapes (Conventional);11;;Preharvest;;Mowing (x4) - Equipment Costs;$42.28 ;;;http://publications.dyson.cornell.edu/outreach/extensionpdf/2014/Cornell-Dyson-eb1401.pdf;2190
15;Mixed Fruits & Vegetables;Grapes (Conventional);12;;Preharvest;;Mowing (x4) - Equipment Costs;$42.28 ;;;http://publications.dyson.cornell.edu/outreach/extensionpdf/2014/Cornell-Dyson-eb1401.pdf;2191
15;Mixed Fruits & Vegetables;Grapes (Conventional);13;;Preharvest;;Mowing (x4) - Equipment Costs;$42.28 ;;;http://publications.dyson.cornell.edu/outreach/extensionpdf/2014/Cornell-Dyson-eb1401.pdf;2192
15;Mixed Fruits & Vegetables;Grapes (Conventional);14;;Preharvest;;Mowing (x4) - Equipment Costs;$42.28 ;;;http://publications.dyson.cornell.edu/outreach/extensionpdf/2014/Cornell-Dyson-eb1401.pdf;2193
15;Mixed Fruits & Vegetables;Grapes (Conventional);15;;Preharvest;;Mowing (x4) - Equipment Costs;$42.28 ;;;http://publications.dyson.cornell.edu/outreach/extensionpdf/2014/Cornell-Dyson-eb1401.pdf;2194
15;Mixed Fruits & Vegetables;Grapes (Conventional);16;;Preharvest;;Mowing (x4) - Equipment Costs;$42.28 ;;;http://publications.dyson.cornell.edu/outreach/extensionpdf/2014/Cornell-Dyson-eb1401.pdf;2195
15;Mixed Fruits & Vegetables;Grapes (Conventional);17;;Preharvest;;Mowing (x4) - Equipment Costs;$42.28 ;;;http://publications.dyson.cornell.edu/outreach/extensionpdf/2014/Cornell-Dyson-eb1401.pdf;2196
15;Mixed Fruits & Vegetables;Grapes (Conventional);18;;Preharvest;;Mowing (x4) - Equipment Costs;$42.28 ;;;http://publications.dyson.cornell.edu/outreach/extensionpdf/2014/Cornell-Dyson-eb1401.pdf;2197
15;Mixed Fruits & Vegetables;Grapes (Conventional);19;;Preharvest;;Mowing (x4) - Equipment Costs;$42.28 ;;;http://publications.dyson.cornell.edu/outreach/extensionpdf/2014/Cornell-Dyson-eb1401.pdf;2198
15;Mixed Fruits & Vegetables;Grapes (Conventional);20;;Preharvest;;Mowing (x4) - Equipment Costs;$42.28 ;;;http://publications.dyson.cornell.edu/outreach/extensionpdf/2014/Cornell-Dyson-eb1401.pdf;2199
15;Mixed Fruits & Vegetables;Grapes (Conventional);21;;Preharvest;;Mowing (x4) - Equipment Costs;$42.28 ;;;http://publications.dyson.cornell.edu/outreach/extensionpdf/2014/Cornell-Dyson-eb1401.pdf;2200
15;Mixed Fruits & Vegetables;Grapes (Conventional);22;;Preharvest;;Mowing (x4) - Equipment Costs;$42.28 ;;;http://publications.dyson.cornell.edu/outreach/extensionpdf/2014/Cornell-Dyson-eb1401.pdf;2201
15;Mixed Fruits & Vegetables;Grapes (Conventional);4;;Preharvest;;Lime (1 in 5 years) - Skilled Labor Costs;$2.00 ;;;http://publications.dyson.cornell.edu/outreach/extensionpdf/2014/Cornell-Dyson-eb1401.pdf;2202
15;Mixed Fruits & Vegetables;Grapes (Conventional);5;;Preharvest;;Lime (1 in 5 years) - Skilled Labor Costs;$2.00 ;;;http://publications.dyson.cornell.edu/outreach/extensionpdf/2014/Cornell-Dyson-eb1401.pdf;2203
15;Mixed Fruits & Vegetables;Grapes (Conventional);6;;Preharvest;;Lime (1 in 5 years) - Skilled Labor Costs;$2.00 ;;;http://publications.dyson.cornell.edu/outreach/extensionpdf/2014/Cornell-Dyson-eb1401.pdf;2204
15;Mixed Fruits & Vegetables;Grapes (Conventional);7;;Preharvest;;Lime (1 in 5 years) - Skilled Labor Costs;$2.00 ;;;http://publications.dyson.cornell.edu/outreach/extensionpdf/2014/Cornell-Dyson-eb1401.pdf;2205
15;Mixed Fruits & Vegetables;Grapes (Conventional);8;;Preharvest;;Lime (1 in 5 years) - Skilled Labor Costs;$2.00 ;;;http://publications.dyson.cornell.edu/outreach/extensionpdf/2014/Cornell-Dyson-eb1401.pdf;2206
15;Mixed Fruits & Vegetables;Grapes (Conventional);9;;Preharvest;;Lime (1 in 5 years) - Skilled Labor Costs;$2.00 ;;;http://publications.dyson.cornell.edu/outreach/extensionpdf/2014/Cornell-Dyson-eb1401.pdf;2207
15;Mixed Fruits & Vegetables;Grapes (Conventional);10;;Preharvest;;Lime (1 in 5 years) - Skilled Labor Costs;$2.00 ;;;http://publications.dyson.cornell.edu/outreach/extensionpdf/2014/Cornell-Dyson-eb1401.pdf;2208
15;Mixed Fruits & Vegetables;Grapes (Conventional);11;;Preharvest;;Lime (1 in 5 years) - Skilled Labor Costs;$2.00 ;;;http://publications.dyson.cornell.edu/outreach/extensionpdf/2014/Cornell-Dyson-eb1401.pdf;2209
15;Mixed Fruits & Vegetables;Grapes (Conventional);12;;Preharvest;;Lime (1 in 5 years) - Skilled Labor Costs;$2.00 ;;;http://publications.dyson.cornell.edu/outreach/extensionpdf/2014/Cornell-Dyson-eb1401.pdf;2210
15;Mixed Fruits & Vegetables;Grapes (Conventional);13;;Preharvest;;Lime (1 in 5 years) - Skilled Labor Costs;$2.00 ;;;http://publications.dyson.cornell.edu/outreach/extensionpdf/2014/Cornell-Dyson-eb1401.pdf;2211
15;Mixed Fruits & Vegetables;Grapes (Conventional);14;;Preharvest;;Lime (1 in 5 years) - Skilled Labor Costs;$2.00 ;;;http://publications.dyson.cornell.edu/outreach/extensionpdf/2014/Cornell-Dyson-eb1401.pdf;2212
15;Mixed Fruits & Vegetables;Grapes (Conventional);15;;Preharvest;;Lime (1 in 5 years) - Skilled Labor Costs;$2.00 ;;;http://publications.dyson.cornell.edu/outreach/extensionpdf/2014/Cornell-Dyson-eb1401.pdf;2213
15;Mixed Fruits & Vegetables;Grapes (Conventional);16;;Preharvest;;Lime (1 in 5 years) - Skilled Labor Costs;$2.00 ;;;http://publications.dyson.cornell.edu/outreach/extensionpdf/2014/Cornell-Dyson-eb1401.pdf;2214
15;Mixed Fruits & Vegetables;Grapes (Conventional);17;;Preharvest;;Lime (1 in 5 years) - Skilled Labor Costs;$2.00 ;;;http://publications.dyson.cornell.edu/outreach/extensionpdf/2014/Cornell-Dyson-eb1401.pdf;2215
15;Mixed Fruits & Vegetables;Grapes (Conventional);18;;Preharvest;;Lime (1 in 5 years) - Skilled Labor Costs;$2.00 ;;;http://publications.dyson.cornell.edu/outreach/extensionpdf/2014/Cornell-Dyson-eb1401.pdf;2216
15;Mixed Fruits & Vegetables;Grapes (Conventional);19;;Preharvest;;Lime (1 in 5 years) - Skilled Labor Costs;$2.00 ;;;http://publications.dyson.cornell.edu/outreach/extensionpdf/2014/Cornell-Dyson-eb1401.pdf;2217
15;Mixed Fruits & Vegetables;Grapes (Conventional);20;;Preharvest;;Lime (1 in 5 years) - Skilled Labor Costs;$2.00 ;;;http://publications.dyson.cornell.edu/outreach/extensionpdf/2014/Cornell-Dyson-eb1401.pdf;2218
15;Mixed Fruits & Vegetables;Grapes (Conventional);21;;Preharvest;;Lime (1 in 5 years) - Skilled Labor Costs;$2.00 ;;;http://publications.dyson.cornell.edu/outreach/extensionpdf/2014/Cornell-Dyson-eb1401.pdf;2219
15;Mixed Fruits & Vegetables;Grapes (Conventional);22;;Preharvest;;Lime (1 in 5 years) - Skilled Labor Costs;$2.00 ;;;http://publications.dyson.cornell.edu/outreach/extensionpdf/2014/Cornell-Dyson-eb1401.pdf;2220
15;Mixed Fruits & Vegetables;Grapes (Conventional);4;;Preharvest;;Lime (1 in 5 years) - Equipment Costs;$4.88 ;;;http://publications.dyson.cornell.edu/outreach/extensionpdf/2014/Cornell-Dyson-eb1401.pdf;2221
15;Mixed Fruits & Vegetables;Grapes (Conventional);5;;Preharvest;;Lime (1 in 5 years) - Equipment Costs;$4.88 ;;;http://publications.dyson.cornell.edu/outreach/extensionpdf/2014/Cornell-Dyson-eb1401.pdf;2222
15;Mixed Fruits & Vegetables;Grapes (Conventional);6;;Preharvest;;Lime (1 in 5 years) - Equipment Costs;$4.88 ;;;http://publications.dyson.cornell.edu/outreach/extensionpdf/2014/Cornell-Dyson-eb1401.pdf;2223
15;Mixed Fruits & Vegetables;Grapes (Conventional);7;;Preharvest;;Lime (1 in 5 years) - Equipment Costs;$4.88 ;;;http://publications.dyson.cornell.edu/outreach/extensionpdf/2014/Cornell-Dyson-eb1401.pdf;2224
15;Mixed Fruits & Vegetables;Grapes (Conventional);8;;Preharvest;;Lime (1 in 5 years) - Equipment Costs;$4.88 ;;;http://publications.dyson.cornell.edu/outreach/extensionpdf/2014/Cornell-Dyson-eb1401.pdf;2225
15;Mixed Fruits & Vegetables;Grapes (Conventional);9;;Preharvest;;Lime (1 in 5 years) - Equipment Costs;$4.88 ;;;http://publications.dyson.cornell.edu/outreach/extensionpdf/2014/Cornell-Dyson-eb1401.pdf;2226
15;Mixed Fruits & Vegetables;Grapes (Conventional);10;;Preharvest;;Lime (1 in 5 years) - Equipment Costs;$4.88 ;;;http://publications.dyson.cornell.edu/outreach/extensionpdf/2014/Cornell-Dyson-eb1401.pdf;2227
15;Mixed Fruits & Vegetables;Grapes (Conventional);11;;Preharvest;;Lime (1 in 5 years) - Equipment Costs;$4.88 ;;;http://publications.dyson.cornell.edu/outreach/extensionpdf/2014/Cornell-Dyson-eb1401.pdf;2228
15;Mixed Fruits & Vegetables;Grapes (Conventional);12;;Preharvest;;Lime (1 in 5 years) - Equipment Costs;$4.88 ;;;http://publications.dyson.cornell.edu/outreach/extensionpdf/2014/Cornell-Dyson-eb1401.pdf;2229
15;Mixed Fruits & Vegetables;Grapes (Conventional);13;;Preharvest;;Lime (1 in 5 years) - Equipment Costs;$4.88 ;;;http://publications.dyson.cornell.edu/outreach/extensionpdf/2014/Cornell-Dyson-eb1401.pdf;2230
15;Mixed Fruits & Vegetables;Grapes (Conventional);14;;Preharvest;;Lime (1 in 5 years) - Equipment Costs;$4.88 ;;;http://publications.dyson.cornell.edu/outreach/extensionpdf/2014/Cornell-Dyson-eb1401.pdf;2231
15;Mixed Fruits & Vegetables;Grapes (Conventional);15;;Preharvest;;Lime (1 in 5 years) - Equipment Costs;$4.88 ;;;http://publications.dyson.cornell.edu/outreach/extensionpdf/2014/Cornell-Dyson-eb1401.pdf;2232
15;Mixed Fruits & Vegetables;Grapes (Conventional);16;;Preharvest;;Lime (1 in 5 years) - Equipment Costs;$4.88 ;;;http://publications.dyson.cornell.edu/outreach/extensionpdf/2014/Cornell-Dyson-eb1401.pdf;2233
15;Mixed Fruits & Vegetables;Grapes (Conventional);17;;Preharvest;;Lime (1 in 5 years) - Equipment Costs;$4.88 ;;;http://publications.dyson.cornell.edu/outreach/extensionpdf/2014/Cornell-Dyson-eb1401.pdf;2234
15;Mixed Fruits & Vegetables;Grapes (Conventional);18;;Preharvest;;Lime (1 in 5 years) - Equipment Costs;$4.88 ;;;http://publications.dyson.cornell.edu/outreach/extensionpdf/2014/Cornell-Dyson-eb1401.pdf;2235
15;Mixed Fruits & Vegetables;Grapes (Conventional);19;;Preharvest;;Lime (1 in 5 years) - Equipment Costs;$4.88 ;;;http://publications.dyson.cornell.edu/outreach/extensionpdf/2014/Cornell-Dyson-eb1401.pdf;2236
15;Mixed Fruits & Vegetables;Grapes (Conventional);20;;Preharvest;;Lime (1 in 5 years) - Equipment Costs;$4.88 ;;;http://publications.dyson.cornell.edu/outreach/extensionpdf/2014/Cornell-Dyson-eb1401.pdf;2237
15;Mixed Fruits & Vegetables;Grapes (Conventional);21;;Preharvest;;Lime (1 in 5 years) - Equipment Costs;$4.88 ;;;http://publications.dyson.cornell.edu/outreach/extensionpdf/2014/Cornell-Dyson-eb1401.pdf;2238
15;Mixed Fruits & Vegetables;Grapes (Conventional);22;;Preharvest;;Lime (1 in 5 years) - Equipment Costs;$4.88 ;;;http://publications.dyson.cornell.edu/outreach/extensionpdf/2014/Cornell-Dyson-eb1401.pdf;2239
15;Mixed Fruits & Vegetables;Grapes (Conventional);4;;Preharvest;;Lime (1 in 5 years) - Material Costs;$9.00 ;;;http://publications.dyson.cornell.edu/outreach/extensionpdf/2014/Cornell-Dyson-eb1401.pdf;2240
15;Mixed Fruits & Vegetables;Grapes (Conventional);5;;Preharvest;;Lime (1 in 5 years) - Material Costs;$9.00 ;;;http://publications.dyson.cornell.edu/outreach/extensionpdf/2014/Cornell-Dyson-eb1401.pdf;2241
15;Mixed Fruits & Vegetables;Grapes (Conventional);6;;Preharvest;;Lime (1 in 5 years) - Material Costs;$9.00 ;;;http://publications.dyson.cornell.edu/outreach/extensionpdf/2014/Cornell-Dyson-eb1401.pdf;2242
15;Mixed Fruits & Vegetables;Grapes (Conventional);7;;Preharvest;;Lime (1 in 5 years) - Material Costs;$9.00 ;;;http://publications.dyson.cornell.edu/outreach/extensionpdf/2014/Cornell-Dyson-eb1401.pdf;2243
15;Mixed Fruits & Vegetables;Grapes (Conventional);8;;Preharvest;;Lime (1 in 5 years) - Material Costs;$9.00 ;;;http://publications.dyson.cornell.edu/outreach/extensionpdf/2014/Cornell-Dyson-eb1401.pdf;2244
15;Mixed Fruits & Vegetables;Grapes (Conventional);9;;Preharvest;;Lime (1 in 5 years) - Material Costs;$9.00 ;;;http://publications.dyson.cornell.edu/outreach/extensionpdf/2014/Cornell-Dyson-eb1401.pdf;2245
15;Mixed Fruits & Vegetables;Grapes (Conventional);10;;Preharvest;;Lime (1 in 5 years) - Material Costs;$9.00 ;;;http://publications.dyson.cornell.edu/outreach/extensionpdf/2014/Cornell-Dyson-eb1401.pdf;2246
15;Mixed Fruits & Vegetables;Grapes (Conventional);11;;Preharvest;;Lime (1 in 5 years) - Material Costs;$9.00 ;;;http://publications.dyson.cornell.edu/outreach/extensionpdf/2014/Cornell-Dyson-eb1401.pdf;2247
15;Mixed Fruits & Vegetables;Grapes (Conventional);12;;Preharvest;;Lime (1 in 5 years) - Material Costs;$9.00 ;;;http://publications.dyson.cornell.edu/outreach/extensionpdf/2014/Cornell-Dyson-eb1401.pdf;2248
15;Mixed Fruits & Vegetables;Grapes (Conventional);13;;Preharvest;;Lime (1 in 5 years) - Material Costs;$9.00 ;;;http://publications.dyson.cornell.edu/outreach/extensionpdf/2014/Cornell-Dyson-eb1401.pdf;2249
15;Mixed Fruits & Vegetables;Grapes (Conventional);14;;Preharvest;;Lime (1 in 5 years) - Material Costs;$9.00 ;;;http://publications.dyson.cornell.edu/outreach/extensionpdf/2014/Cornell-Dyson-eb1401.pdf;2250
15;Mixed Fruits & Vegetables;Grapes (Conventional);15;;Preharvest;;Lime (1 in 5 years) - Material Costs;$9.00 ;;;http://publications.dyson.cornell.edu/outreach/extensionpdf/2014/Cornell-Dyson-eb1401.pdf;2251
15;Mixed Fruits & Vegetables;Grapes (Conventional);16;;Preharvest;;Lime (1 in 5 years) - Material Costs;$9.00 ;;;http://publications.dyson.cornell.edu/outreach/extensionpdf/2014/Cornell-Dyson-eb1401.pdf;2252
15;Mixed Fruits & Vegetables;Grapes (Conventional);17;;Preharvest;;Lime (1 in 5 years) - Material Costs;$9.00 ;;;http://publications.dyson.cornell.edu/outreach/extensionpdf/2014/Cornell-Dyson-eb1401.pdf;2253
15;Mixed Fruits & Vegetables;Grapes (Conventional);18;;Preharvest;;Lime (1 in 5 years) - Material Costs;$9.00 ;;;http://publications.dyson.cornell.edu/outreach/extensionpdf/2014/Cornell-Dyson-eb1401.pdf;2254
15;Mixed Fruits & Vegetables;Grapes (Conventional);19;;Preharvest;;Lime (1 in 5 years) - Material Costs;$9.00 ;;;http://publications.dyson.cornell.edu/outreach/extensionpdf/2014/Cornell-Dyson-eb1401.pdf;2255
15;Mixed Fruits & Vegetables;Grapes (Conventional);20;;Preharvest;;Lime (1 in 5 years) - Material Costs;$9.00 ;;;http://publications.dyson.cornell.edu/outreach/extensionpdf/2014/Cornell-Dyson-eb1401.pdf;2256
15;Mixed Fruits & Vegetables;Grapes (Conventional);21;;Preharvest;;Lime (1 in 5 years) - Material Costs;$9.00 ;;;http://publications.dyson.cornell.edu/outreach/extensionpdf/2014/Cornell-Dyson-eb1401.pdf;2257
15;Mixed Fruits & Vegetables;Grapes (Conventional);22;;Preharvest;;Lime (1 in 5 years) - Material Costs;$9.00 ;;;http://publications.dyson.cornell.edu/outreach/extensionpdf/2014/Cornell-Dyson-eb1401.pdf;2258
15;Mixed Fruits & Vegetables;Grapes (Conventional);4;;Preharvest;;Pickup truck (10,000 miles for 50 acre/year) - Equipment Costs;$75.03 ;;;http://publications.dyson.cornell.edu/outreach/extensionpdf/2014/Cornell-Dyson-eb1401.pdf;2259
15;Mixed Fruits & Vegetables;Grapes (Conventional);5;;Preharvest;;Pickup truck (10,000 miles for 50 acre/year) - Equipment Costs;$75.03 ;;;http://publications.dyson.cornell.edu/outreach/extensionpdf/2014/Cornell-Dyson-eb1401.pdf;2260
15;Mixed Fruits & Vegetables;Grapes (Conventional);6;;Preharvest;;Pickup truck (10,000 miles for 50 acre/year) - Equipment Costs;$75.03 ;;;http://publications.dyson.cornell.edu/outreach/extensionpdf/2014/Cornell-Dyson-eb1401.pdf;2261
15;Mixed Fruits & Vegetables;Grapes (Conventional);7;;Preharvest;;Pickup truck (10,000 miles for 50 acre/year) - Equipment Costs;$75.03 ;;;http://publications.dyson.cornell.edu/outreach/extensionpdf/2014/Cornell-Dyson-eb1401.pdf;2262
15;Mixed Fruits & Vegetables;Grapes (Conventional);8;;Preharvest;;Pickup truck (10,000 miles for 50 acre/year) - Equipment Costs;$75.03 ;;;http://publications.dyson.cornell.edu/outreach/extensionpdf/2014/Cornell-Dyson-eb1401.pdf;2263
15;Mixed Fruits & Vegetables;Grapes (Conventional);9;;Preharvest;;Pickup truck (10,000 miles for 50 acre/year) - Equipment Costs;$75.03 ;;;http://publications.dyson.cornell.edu/outreach/extensionpdf/2014/Cornell-Dyson-eb1401.pdf;2264
15;Mixed Fruits & Vegetables;Grapes (Conventional);10;;Preharvest;;Pickup truck (10,000 miles for 50 acre/year) - Equipment Costs;$75.03 ;;;http://publications.dyson.cornell.edu/outreach/extensionpdf/2014/Cornell-Dyson-eb1401.pdf;2265
15;Mixed Fruits & Vegetables;Grapes (Conventional);11;;Preharvest;;Pickup truck (10,000 miles for 50 acre/year) - Equipment Costs;$75.03 ;;;http://publications.dyson.cornell.edu/outreach/extensionpdf/2014/Cornell-Dyson-eb1401.pdf;2266
15;Mixed Fruits & Vegetables;Grapes (Conventional);12;;Preharvest;;Pickup truck (10,000 miles for 50 acre/year) - Equipment Costs;$75.03 ;;;http://publications.dyson.cornell.edu/outreach/extensionpdf/2014/Cornell-Dyson-eb1401.pdf;2267
15;Mixed Fruits & Vegetables;Grapes (Conventional);13;;Preharvest;;Pickup truck (10,000 miles for 50 acre/year) - Equipment Costs;$75.03 ;;;http://publications.dyson.cornell.edu/outreach/extensionpdf/2014/Cornell-Dyson-eb1401.pdf;2268
15;Mixed Fruits & Vegetables;Grapes (Conventional);14;;Preharvest;;Pickup truck (10,000 miles for 50 acre/year) - Equipment Costs;$75.03 ;;;http://publications.dyson.cornell.edu/outreach/extensionpdf/2014/Cornell-Dyson-eb1401.pdf;2269
15;Mixed Fruits & Vegetables;Grapes (Conventional);15;;Preharvest;;Pickup truck (10,000 miles for 50 acre/year) - Equipment Costs;$75.03 ;;;http://publications.dyson.cornell.edu/outreach/extensionpdf/2014/Cornell-Dyson-eb1401.pdf;2270
15;Mixed Fruits & Vegetables;Grapes (Conventional);16;;Preharvest;;Pickup truck (10,000 miles for 50 acre/year) - Equipment Costs;$75.03 ;;;http://publications.dyson.cornell.edu/outreach/extensionpdf/2014/Cornell-Dyson-eb1401.pdf;2271
15;Mixed Fruits & Vegetables;Grapes (Conventional);17;;Preharvest;;Pickup truck (10,000 miles for 50 acre/year) - Equipment Costs;$75.03 ;;;http://publications.dyson.cornell.edu/outreach/extensionpdf/2014/Cornell-Dyson-eb1401.pdf;2272
15;Mixed Fruits & Vegetables;Grapes (Conventional);18;;Preharvest;;Pickup truck (10,000 miles for 50 acre/year) - Equipment Costs;$75.03 ;;;http://publications.dyson.cornell.edu/outreach/extensionpdf/2014/Cornell-Dyson-eb1401.pdf;2273
15;Mixed Fruits & Vegetables;Grapes (Conventional);19;;Preharvest;;Pickup truck (10,000 miles for 50 acre/year) - Equipment Costs;$75.03 ;;;http://publications.dyson.cornell.edu/outreach/extensionpdf/2014/Cornell-Dyson-eb1401.pdf;2274
15;Mixed Fruits & Vegetables;Grapes (Conventional);20;;Preharvest;;Pickup truck (10,000 miles for 50 acre/year) - Equipment Costs;$75.03 ;;;http://publications.dyson.cornell.edu/outreach/extensionpdf/2014/Cornell-Dyson-eb1401.pdf;2275
15;Mixed Fruits & Vegetables;Grapes (Conventional);21;;Preharvest;;Pickup truck (10,000 miles for 50 acre/year) - Equipment Costs;$75.03 ;;;http://publications.dyson.cornell.edu/outreach/extensionpdf/2014/Cornell-Dyson-eb1401.pdf;2276
15;Mixed Fruits & Vegetables;Grapes (Conventional);22;;Preharvest;;Pickup truck (10,000 miles for 50 acre/year) - Equipment Costs;$75.03 ;;;http://publications.dyson.cornell.edu/outreach/extensionpdf/2014/Cornell-Dyson-eb1401.pdf;2277
15;Mixed Fruits & Vegetables;Grapes (Conventional);4;;Preharvest;;Shoot positioning/move catch wires (first path) - Unskilled Labor Costs;$81.00 ;;;http://publications.dyson.cornell.edu/outreach/extensionpdf/2014/Cornell-Dyson-eb1401.pdf;2278
15;Mixed Fruits & Vegetables;Grapes (Conventional);5;;Preharvest;;Shoot positioning/move catch wires (first path) - Unskilled Labor Costs;$81.00 ;;;http://publications.dyson.cornell.edu/outreach/extensionpdf/2014/Cornell-Dyson-eb1401.pdf;2279
15;Mixed Fruits & Vegetables;Grapes (Conventional);6;;Preharvest;;Shoot positioning/move catch wires (first path) - Unskilled Labor Costs;$81.00 ;;;http://publications.dyson.cornell.edu/outreach/extensionpdf/2014/Cornell-Dyson-eb1401.pdf;2280
15;Mixed Fruits & Vegetables;Grapes (Conventional);7;;Preharvest;;Shoot positioning/move catch wires (first path) - Unskilled Labor Costs;$81.00 ;;;http://publications.dyson.cornell.edu/outreach/extensionpdf/2014/Cornell-Dyson-eb1401.pdf;2281
15;Mixed Fruits & Vegetables;Grapes (Conventional);8;;Preharvest;;Shoot positioning/move catch wires (first path) - Unskilled Labor Costs;$81.00 ;;;http://publications.dyson.cornell.edu/outreach/extensionpdf/2014/Cornell-Dyson-eb1401.pdf;2282
15;Mixed Fruits & Vegetables;Grapes (Conventional);9;;Preharvest;;Shoot positioning/move catch wires (first path) - Unskilled Labor Costs;$81.00 ;;;http://publications.dyson.cornell.edu/outreach/extensionpdf/2014/Cornell-Dyson-eb1401.pdf;2283
15;Mixed Fruits & Vegetables;Grapes (Conventional);10;;Preharvest;;Shoot positioning/move catch wires (first path) - Unskilled Labor Costs;$81.00 ;;;http://publications.dyson.cornell.edu/outreach/extensionpdf/2014/Cornell-Dyson-eb1401.pdf;2284
15;Mixed Fruits & Vegetables;Grapes (Conventional);11;;Preharvest;;Shoot positioning/move catch wires (first path) - Unskilled Labor Costs;$81.00 ;;;http://publications.dyson.cornell.edu/outreach/extensionpdf/2014/Cornell-Dyson-eb1401.pdf;2285
15;Mixed Fruits & Vegetables;Grapes (Conventional);12;;Preharvest;;Shoot positioning/move catch wires (first path) - Unskilled Labor Costs;$81.00 ;;;http://publications.dyson.cornell.edu/outreach/extensionpdf/2014/Cornell-Dyson-eb1401.pdf;2286
15;Mixed Fruits & Vegetables;Grapes (Conventional);13;;Preharvest;;Shoot positioning/move catch wires (first path) - Unskilled Labor Costs;$81.00 ;;;http://publications.dyson.cornell.edu/outreach/extensionpdf/2014/Cornell-Dyson-eb1401.pdf;2287
15;Mixed Fruits & Vegetables;Grapes (Conventional);14;;Preharvest;;Shoot positioning/move catch wires (first path) - Unskilled Labor Costs;$81.00 ;;;http://publications.dyson.cornell.edu/outreach/extensionpdf/2014/Cornell-Dyson-eb1401.pdf;2288
15;Mixed Fruits & Vegetables;Grapes (Conventional);15;;Preharvest;;Shoot positioning/move catch wires (first path) - Unskilled Labor Costs;$81.00 ;;;http://publications.dyson.cornell.edu/outreach/extensionpdf/2014/Cornell-Dyson-eb1401.pdf;2289
15;Mixed Fruits & Vegetables;Grapes (Conventional);16;;Preharvest;;Shoot positioning/move catch wires (first path) - Unskilled Labor Costs;$81.00 ;;;http://publications.dyson.cornell.edu/outreach/extensionpdf/2014/Cornell-Dyson-eb1401.pdf;2290
15;Mixed Fruits & Vegetables;Grapes (Conventional);17;;Preharvest;;Shoot positioning/move catch wires (first path) - Unskilled Labor Costs;$81.00 ;;;http://publications.dyson.cornell.edu/outreach/extensionpdf/2014/Cornell-Dyson-eb1401.pdf;2291
15;Mixed Fruits & Vegetables;Grapes (Conventional);18;;Preharvest;;Shoot positioning/move catch wires (first path) - Unskilled Labor Costs;$81.00 ;;;http://publications.dyson.cornell.edu/outreach/extensionpdf/2014/Cornell-Dyson-eb1401.pdf;2292
15;Mixed Fruits & Vegetables;Grapes (Conventional);19;;Preharvest;;Shoot positioning/move catch wires (first path) - Unskilled Labor Costs;$81.00 ;;;http://publications.dyson.cornell.edu/outreach/extensionpdf/2014/Cornell-Dyson-eb1401.pdf;2293
15;Mixed Fruits & Vegetables;Grapes (Conventional);20;;Preharvest;;Shoot positioning/move catch wires (first path) - Unskilled Labor Costs;$81.00 ;;;http://publications.dyson.cornell.edu/outreach/extensionpdf/2014/Cornell-Dyson-eb1401.pdf;2294
15;Mixed Fruits & Vegetables;Grapes (Conventional);21;;Preharvest;;Shoot positioning/move catch wires (first path) - Unskilled Labor Costs;$81.00 ;;;http://publications.dyson.cornell.edu/outreach/extensionpdf/2014/Cornell-Dyson-eb1401.pdf;2295
15;Mixed Fruits & Vegetables;Grapes (Conventional);22;;Preharvest;;Shoot positioning/move catch wires (first path) - Unskilled Labor Costs;$81.00 ;;;http://publications.dyson.cornell.edu/outreach/extensionpdf/2014/Cornell-Dyson-eb1401.pdf;2296
15;Mixed Fruits & Vegetables;Grapes (Conventional);4;;Preharvest;;Shoot positioning/move catch wires (second path) - Unskilled Labor Costs;$81.00 ;;;http://publications.dyson.cornell.edu/outreach/extensionpdf/2014/Cornell-Dyson-eb1401.pdf;2297
15;Mixed Fruits & Vegetables;Grapes (Conventional);5;;Preharvest;;Shoot positioning/move catch wires (second path) - Unskilled Labor Costs;$81.00 ;;;http://publications.dyson.cornell.edu/outreach/extensionpdf/2014/Cornell-Dyson-eb1401.pdf;2298
15;Mixed Fruits & Vegetables;Grapes (Conventional);6;;Preharvest;;Shoot positioning/move catch wires (second path) - Unskilled Labor Costs;$81.00 ;;;http://publications.dyson.cornell.edu/outreach/extensionpdf/2014/Cornell-Dyson-eb1401.pdf;2299
15;Mixed Fruits & Vegetables;Grapes (Conventional);7;;Preharvest;;Shoot positioning/move catch wires (second path) - Unskilled Labor Costs;$81.00 ;;;http://publications.dyson.cornell.edu/outreach/extensionpdf/2014/Cornell-Dyson-eb1401.pdf;2300
15;Mixed Fruits & Vegetables;Grapes (Conventional);8;;Preharvest;;Shoot positioning/move catch wires (second path) - Unskilled Labor Costs;$81.00 ;;;http://publications.dyson.cornell.edu/outreach/extensionpdf/2014/Cornell-Dyson-eb1401.pdf;2301
15;Mixed Fruits & Vegetables;Grapes (Conventional);9;;Preharvest;;Shoot positioning/move catch wires (second path) - Unskilled Labor Costs;$81.00 ;;;http://publications.dyson.cornell.edu/outreach/extensionpdf/2014/Cornell-Dyson-eb1401.pdf;2302
15;Mixed Fruits & Vegetables;Grapes (Conventional);10;;Preharvest;;Shoot positioning/move catch wires (second path) - Unskilled Labor Costs;$81.00 ;;;http://publications.dyson.cornell.edu/outreach/extensionpdf/2014/Cornell-Dyson-eb1401.pdf;2303
15;Mixed Fruits & Vegetables;Grapes (Conventional);11;;Preharvest;;Shoot positioning/move catch wires (second path) - Unskilled Labor Costs;$81.00 ;;;http://publications.dyson.cornell.edu/outreach/extensionpdf/2014/Cornell-Dyson-eb1401.pdf;2304
15;Mixed Fruits & Vegetables;Grapes (Conventional);12;;Preharvest;;Shoot positioning/move catch wires (second path) - Unskilled Labor Costs;$81.00 ;;;http://publications.dyson.cornell.edu/outreach/extensionpdf/2014/Cornell-Dyson-eb1401.pdf;2305
15;Mixed Fruits & Vegetables;Grapes (Conventional);13;;Preharvest;;Shoot positioning/move catch wires (second path) - Unskilled Labor Costs;$81.00 ;;;http://publications.dyson.cornell.edu/outreach/extensionpdf/2014/Cornell-Dyson-eb1401.pdf;2306
15;Mixed Fruits & Vegetables;Grapes (Conventional);14;;Preharvest;;Shoot positioning/move catch wires (second path) - Unskilled Labor Costs;$81.00 ;;;http://publications.dyson.cornell.edu/outreach/extensionpdf/2014/Cornell-Dyson-eb1401.pdf;2307
15;Mixed Fruits & Vegetables;Grapes (Conventional);15;;Preharvest;;Shoot positioning/move catch wires (second path) - Unskilled Labor Costs;$81.00 ;;;http://publications.dyson.cornell.edu/outreach/extensionpdf/2014/Cornell-Dyson-eb1401.pdf;2308
15;Mixed Fruits & Vegetables;Grapes (Conventional);16;;Preharvest;;Shoot positioning/move catch wires (second path) - Unskilled Labor Costs;$81.00 ;;;http://publications.dyson.cornell.edu/outreach/extensionpdf/2014/Cornell-Dyson-eb1401.pdf;2309
15;Mixed Fruits & Vegetables;Grapes (Conventional);17;;Preharvest;;Shoot positioning/move catch wires (second path) - Unskilled Labor Costs;$81.00 ;;;http://publications.dyson.cornell.edu/outreach/extensionpdf/2014/Cornell-Dyson-eb1401.pdf;2310
15;Mixed Fruits & Vegetables;Grapes (Conventional);18;;Preharvest;;Shoot positioning/move catch wires (second path) - Unskilled Labor Costs;$81.00 ;;;http://publications.dyson.cornell.edu/outreach/extensionpdf/2014/Cornell-Dyson-eb1401.pdf;2311
15;Mixed Fruits & Vegetables;Grapes (Conventional);19;;Preharvest;;Shoot positioning/move catch wires (second path) - Unskilled Labor Costs;$81.00 ;;;http://publications.dyson.cornell.edu/outreach/extensionpdf/2014/Cornell-Dyson-eb1401.pdf;2312
15;Mixed Fruits & Vegetables;Grapes (Conventional);20;;Preharvest;;Shoot positioning/move catch wires (second path) - Unskilled Labor Costs;$81.00 ;;;http://publications.dyson.cornell.edu/outreach/extensionpdf/2014/Cornell-Dyson-eb1401.pdf;2313
15;Mixed Fruits & Vegetables;Grapes (Conventional);21;;Preharvest;;Shoot positioning/move catch wires (second path) - Unskilled Labor Costs;$81.00 ;;;http://publications.dyson.cornell.edu/outreach/extensionpdf/2014/Cornell-Dyson-eb1401.pdf;2314
15;Mixed Fruits & Vegetables;Grapes (Conventional);22;;Preharvest;;Shoot positioning/move catch wires (second path) - Unskilled Labor Costs;$81.00 ;;;http://publications.dyson.cornell.edu/outreach/extensionpdf/2014/Cornell-Dyson-eb1401.pdf;2315
15;Mixed Fruits & Vegetables;Grapes (Conventional);4;;Preharvest;;Mechanical leaf removal - Skilled Labor Costs;$64.00 ;;;http://publications.dyson.cornell.edu/outreach/extensionpdf/2014/Cornell-Dyson-eb1401.pdf;2316
15;Mixed Fruits & Vegetables;Grapes (Conventional);5;;Preharvest;;Mechanical leaf removal - Skilled Labor Costs;$64.00 ;;;http://publications.dyson.cornell.edu/outreach/extensionpdf/2014/Cornell-Dyson-eb1401.pdf;2317
15;Mixed Fruits & Vegetables;Grapes (Conventional);6;;Preharvest;;Mechanical leaf removal - Skilled Labor Costs;$64.00 ;;;http://publications.dyson.cornell.edu/outreach/extensionpdf/2014/Cornell-Dyson-eb1401.pdf;2318
15;Mixed Fruits & Vegetables;Grapes (Conventional);7;;Preharvest;;Mechanical leaf removal - Skilled Labor Costs;$64.00 ;;;http://publications.dyson.cornell.edu/outreach/extensionpdf/2014/Cornell-Dyson-eb1401.pdf;2319
15;Mixed Fruits & Vegetables;Grapes (Conventional);8;;Preharvest;;Mechanical leaf removal - Skilled Labor Costs;$64.00 ;;;http://publications.dyson.cornell.edu/outreach/extensionpdf/2014/Cornell-Dyson-eb1401.pdf;2320
15;Mixed Fruits & Vegetables;Grapes (Conventional);9;;Preharvest;;Mechanical leaf removal - Skilled Labor Costs;$64.00 ;;;http://publications.dyson.cornell.edu/outreach/extensionpdf/2014/Cornell-Dyson-eb1401.pdf;2321
15;Mixed Fruits & Vegetables;Grapes (Conventional);10;;Preharvest;;Mechanical leaf removal - Skilled Labor Costs;$64.00 ;;;http://publications.dyson.cornell.edu/outreach/extensionpdf/2014/Cornell-Dyson-eb1401.pdf;2322
15;Mixed Fruits & Vegetables;Grapes (Conventional);11;;Preharvest;;Mechanical leaf removal - Skilled Labor Costs;$64.00 ;;;http://publications.dyson.cornell.edu/outreach/extensionpdf/2014/Cornell-Dyson-eb1401.pdf;2323
15;Mixed Fruits & Vegetables;Grapes (Conventional);12;;Preharvest;;Mechanical leaf removal - Skilled Labor Costs;$64.00 ;;;http://publications.dyson.cornell.edu/outreach/extensionpdf/2014/Cornell-Dyson-eb1401.pdf;2324
15;Mixed Fruits & Vegetables;Grapes (Conventional);13;;Preharvest;;Mechanical leaf removal - Skilled Labor Costs;$64.00 ;;;http://publications.dyson.cornell.edu/outreach/extensionpdf/2014/Cornell-Dyson-eb1401.pdf;2325
15;Mixed Fruits & Vegetables;Grapes (Conventional);14;;Preharvest;;Mechanical leaf removal - Skilled Labor Costs;$64.00 ;;;http://publications.dyson.cornell.edu/outreach/extensionpdf/2014/Cornell-Dyson-eb1401.pdf;2326
15;Mixed Fruits & Vegetables;Grapes (Conventional);15;;Preharvest;;Mechanical leaf removal - Skilled Labor Costs;$64.00 ;;;http://publications.dyson.cornell.edu/outreach/extensionpdf/2014/Cornell-Dyson-eb1401.pdf;2327
15;Mixed Fruits & Vegetables;Grapes (Conventional);16;;Preharvest;;Mechanical leaf removal - Skilled Labor Costs;$64.00 ;;;http://publications.dyson.cornell.edu/outreach/extensionpdf/2014/Cornell-Dyson-eb1401.pdf;2328
15;Mixed Fruits & Vegetables;Grapes (Conventional);17;;Preharvest;;Mechanical leaf removal - Skilled Labor Costs;$64.00 ;;;http://publications.dyson.cornell.edu/outreach/extensionpdf/2014/Cornell-Dyson-eb1401.pdf;2329
15;Mixed Fruits & Vegetables;Grapes (Conventional);18;;Preharvest;;Mechanical leaf removal - Skilled Labor Costs;$64.00 ;;;http://publications.dyson.cornell.edu/outreach/extensionpdf/2014/Cornell-Dyson-eb1401.pdf;2330
15;Mixed Fruits & Vegetables;Grapes (Conventional);19;;Preharvest;;Mechanical leaf removal - Skilled Labor Costs;$64.00 ;;;http://publications.dyson.cornell.edu/outreach/extensionpdf/2014/Cornell-Dyson-eb1401.pdf;2331
15;Mixed Fruits & Vegetables;Grapes (Conventional);20;;Preharvest;;Mechanical leaf removal - Skilled Labor Costs;$64.00 ;;;http://publications.dyson.cornell.edu/outreach/extensionpdf/2014/Cornell-Dyson-eb1401.pdf;2332
15;Mixed Fruits & Vegetables;Grapes (Conventional);21;;Preharvest;;Mechanical leaf removal - Skilled Labor Costs;$64.00 ;;;http://publications.dyson.cornell.edu/outreach/extensionpdf/2014/Cornell-Dyson-eb1401.pdf;2333
15;Mixed Fruits & Vegetables;Grapes (Conventional);22;;Preharvest;;Mechanical leaf removal - Skilled Labor Costs;$64.00 ;;;http://publications.dyson.cornell.edu/outreach/extensionpdf/2014/Cornell-Dyson-eb1401.pdf;2334
15;Mixed Fruits & Vegetables;Grapes (Conventional);4;;Preharvest;;Mechanical leaf removal - Equipment Costs;$19.20 ;;;http://publications.dyson.cornell.edu/outreach/extensionpdf/2014/Cornell-Dyson-eb1401.pdf;2335
15;Mixed Fruits & Vegetables;Grapes (Conventional);5;;Preharvest;;Mechanical leaf removal - Equipment Costs;$19.20 ;;;http://publications.dyson.cornell.edu/outreach/extensionpdf/2014/Cornell-Dyson-eb1401.pdf;2336
15;Mixed Fruits & Vegetables;Grapes (Conventional);6;;Preharvest;;Mechanical leaf removal - Equipment Costs;$19.20 ;;;http://publications.dyson.cornell.edu/outreach/extensionpdf/2014/Cornell-Dyson-eb1401.pdf;2337
15;Mixed Fruits & Vegetables;Grapes (Conventional);7;;Preharvest;;Mechanical leaf removal - Equipment Costs;$19.20 ;;;http://publications.dyson.cornell.edu/outreach/extensionpdf/2014/Cornell-Dyson-eb1401.pdf;2338
15;Mixed Fruits & Vegetables;Grapes (Conventional);8;;Preharvest;;Mechanical leaf removal - Equipment Costs;$19.20 ;;;http://publications.dyson.cornell.edu/outreach/extensionpdf/2014/Cornell-Dyson-eb1401.pdf;2339
15;Mixed Fruits & Vegetables;Grapes (Conventional);9;;Preharvest;;Mechanical leaf removal - Equipment Costs;$19.20 ;;;http://publications.dyson.cornell.edu/outreach/extensionpdf/2014/Cornell-Dyson-eb1401.pdf;2340
15;Mixed Fruits & Vegetables;Grapes (Conventional);10;;Preharvest;;Mechanical leaf removal - Equipment Costs;$19.20 ;;;http://publications.dyson.cornell.edu/outreach/extensionpdf/2014/Cornell-Dyson-eb1401.pdf;2341
15;Mixed Fruits & Vegetables;Grapes (Conventional);11;;Preharvest;;Mechanical leaf removal - Equipment Costs;$19.20 ;;;http://publications.dyson.cornell.edu/outreach/extensionpdf/2014/Cornell-Dyson-eb1401.pdf;2342
15;Mixed Fruits & Vegetables;Grapes (Conventional);12;;Preharvest;;Mechanical leaf removal - Equipment Costs;$19.20 ;;;http://publications.dyson.cornell.edu/outreach/extensionpdf/2014/Cornell-Dyson-eb1401.pdf;2343
15;Mixed Fruits & Vegetables;Grapes (Conventional);13;;Preharvest;;Mechanical leaf removal - Equipment Costs;$19.20 ;;;http://publications.dyson.cornell.edu/outreach/extensionpdf/2014/Cornell-Dyson-eb1401.pdf;2344
15;Mixed Fruits & Vegetables;Grapes (Conventional);14;;Preharvest;;Mechanical leaf removal - Equipment Costs;$19.20 ;;;http://publications.dyson.cornell.edu/outreach/extensionpdf/2014/Cornell-Dyson-eb1401.pdf;2345
15;Mixed Fruits & Vegetables;Grapes (Conventional);15;;Preharvest;;Mechanical leaf removal - Equipment Costs;$19.20 ;;;http://publications.dyson.cornell.edu/outreach/extensionpdf/2014/Cornell-Dyson-eb1401.pdf;2346
15;Mixed Fruits & Vegetables;Grapes (Conventional);16;;Preharvest;;Mechanical leaf removal - Equipment Costs;$19.20 ;;;http://publications.dyson.cornell.edu/outreach/extensionpdf/2014/Cornell-Dyson-eb1401.pdf;2347
15;Mixed Fruits & Vegetables;Grapes (Conventional);17;;Preharvest;;Mechanical leaf removal - Equipment Costs;$19.20 ;;;http://publications.dyson.cornell.edu/outreach/extensionpdf/2014/Cornell-Dyson-eb1401.pdf;2348
15;Mixed Fruits & Vegetables;Grapes (Conventional);18;;Preharvest;;Mechanical leaf removal - Equipment Costs;$19.20 ;;;http://publications.dyson.cornell.edu/outreach/extensionpdf/2014/Cornell-Dyson-eb1401.pdf;2349
15;Mixed Fruits & Vegetables;Grapes (Conventional);19;;Preharvest;;Mechanical leaf removal - Equipment Costs;$19.20 ;;;http://publications.dyson.cornell.edu/outreach/extensionpdf/2014/Cornell-Dyson-eb1401.pdf;2350
15;Mixed Fruits & Vegetables;Grapes (Conventional);20;;Preharvest;;Mechanical leaf removal - Equipment Costs;$19.20 ;;;http://publications.dyson.cornell.edu/outreach/extensionpdf/2014/Cornell-Dyson-eb1401.pdf;2351
15;Mixed Fruits & Vegetables;Grapes (Conventional);21;;Preharvest;;Mechanical leaf removal - Equipment Costs;$19.20 ;;;http://publications.dyson.cornell.edu/outreach/extensionpdf/2014/Cornell-Dyson-eb1401.pdf;2352
15;Mixed Fruits & Vegetables;Grapes (Conventional);22;;Preharvest;;Mechanical leaf removal - Equipment Costs;$19.20 ;;;http://publications.dyson.cornell.edu/outreach/extensionpdf/2014/Cornell-Dyson-eb1401.pdf;2353
15;Mixed Fruits & Vegetables;Grapes (Conventional);4;;Preharvest;;Summer pruning (x2) - Skilled Labor Costs;$52.00 ;;;http://publications.dyson.cornell.edu/outreach/extensionpdf/2014/Cornell-Dyson-eb1401.pdf;2354
15;Mixed Fruits & Vegetables;Grapes (Conventional);5;;Preharvest;;Summer pruning (x2) - Skilled Labor Costs;$52.00 ;;;http://publications.dyson.cornell.edu/outreach/extensionpdf/2014/Cornell-Dyson-eb1401.pdf;2355
15;Mixed Fruits & Vegetables;Grapes (Conventional);6;;Preharvest;;Summer pruning (x2) - Skilled Labor Costs;$52.00 ;;;http://publications.dyson.cornell.edu/outreach/extensionpdf/2014/Cornell-Dyson-eb1401.pdf;2356
15;Mixed Fruits & Vegetables;Grapes (Conventional);7;;Preharvest;;Summer pruning (x2) - Skilled Labor Costs;$52.00 ;;;http://publications.dyson.cornell.edu/outreach/extensionpdf/2014/Cornell-Dyson-eb1401.pdf;2357
15;Mixed Fruits & Vegetables;Grapes (Conventional);8;;Preharvest;;Summer pruning (x2) - Skilled Labor Costs;$52.00 ;;;http://publications.dyson.cornell.edu/outreach/extensionpdf/2014/Cornell-Dyson-eb1401.pdf;2358
15;Mixed Fruits & Vegetables;Grapes (Conventional);9;;Preharvest;;Summer pruning (x2) - Skilled Labor Costs;$52.00 ;;;http://publications.dyson.cornell.edu/outreach/extensionpdf/2014/Cornell-Dyson-eb1401.pdf;2359
15;Mixed Fruits & Vegetables;Grapes (Conventional);10;;Preharvest;;Summer pruning (x2) - Skilled Labor Costs;$52.00 ;;;http://publications.dyson.cornell.edu/outreach/extensionpdf/2014/Cornell-Dyson-eb1401.pdf;2360
15;Mixed Fruits & Vegetables;Grapes (Conventional);11;;Preharvest;;Summer pruning (x2) - Skilled Labor Costs;$52.00 ;;;http://publications.dyson.cornell.edu/outreach/extensionpdf/2014/Cornell-Dyson-eb1401.pdf;2361
15;Mixed Fruits & Vegetables;Grapes (Conventional);12;;Preharvest;;Summer pruning (x2) - Skilled Labor Costs;$52.00 ;;;http://publications.dyson.cornell.edu/outreach/extensionpdf/2014/Cornell-Dyson-eb1401.pdf;2362
15;Mixed Fruits & Vegetables;Grapes (Conventional);13;;Preharvest;;Summer pruning (x2) - Skilled Labor Costs;$52.00 ;;;http://publications.dyson.cornell.edu/outreach/extensionpdf/2014/Cornell-Dyson-eb1401.pdf;2363
15;Mixed Fruits & Vegetables;Grapes (Conventional);14;;Preharvest;;Summer pruning (x2) - Skilled Labor Costs;$52.00 ;;;http://publications.dyson.cornell.edu/outreach/extensionpdf/2014/Cornell-Dyson-eb1401.pdf;2364
15;Mixed Fruits & Vegetables;Grapes (Conventional);15;;Preharvest;;Summer pruning (x2) - Skilled Labor Costs;$52.00 ;;;http://publications.dyson.cornell.edu/outreach/extensionpdf/2014/Cornell-Dyson-eb1401.pdf;2365
15;Mixed Fruits & Vegetables;Grapes (Conventional);16;;Preharvest;;Summer pruning (x2) - Skilled Labor Costs;$52.00 ;;;http://publications.dyson.cornell.edu/outreach/extensionpdf/2014/Cornell-Dyson-eb1401.pdf;2366
15;Mixed Fruits & Vegetables;Grapes (Conventional);17;;Preharvest;;Summer pruning (x2) - Skilled Labor Costs;$52.00 ;;;http://publications.dyson.cornell.edu/outreach/extensionpdf/2014/Cornell-Dyson-eb1401.pdf;2367
15;Mixed Fruits & Vegetables;Grapes (Conventional);18;;Preharvest;;Summer pruning (x2) - Skilled Labor Costs;$52.00 ;;;http://publications.dyson.cornell.edu/outreach/extensionpdf/2014/Cornell-Dyson-eb1401.pdf;2368
15;Mixed Fruits & Vegetables;Grapes (Conventional);19;;Preharvest;;Summer pruning (x2) - Skilled Labor Costs;$52.00 ;;;http://publications.dyson.cornell.edu/outreach/extensionpdf/2014/Cornell-Dyson-eb1401.pdf;2369
15;Mixed Fruits & Vegetables;Grapes (Conventional);20;;Preharvest;;Summer pruning (x2) - Skilled Labor Costs;$52.00 ;;;http://publications.dyson.cornell.edu/outreach/extensionpdf/2014/Cornell-Dyson-eb1401.pdf;2370
15;Mixed Fruits & Vegetables;Grapes (Conventional);21;;Preharvest;;Summer pruning (x2) - Skilled Labor Costs;$52.00 ;;;http://publications.dyson.cornell.edu/outreach/extensionpdf/2014/Cornell-Dyson-eb1401.pdf;2371
15;Mixed Fruits & Vegetables;Grapes (Conventional);22;;Preharvest;;Summer pruning (x2) - Skilled Labor Costs;$52.00 ;;;http://publications.dyson.cornell.edu/outreach/extensionpdf/2014/Cornell-Dyson-eb1401.pdf;2372
15;Mixed Fruits & Vegetables;Grapes (Conventional);4;;Preharvest;;Summer pruning (x2) - Equipment Costs;$42.69 ;;;http://publications.dyson.cornell.edu/outreach/extensionpdf/2014/Cornell-Dyson-eb1401.pdf;2373
15;Mixed Fruits & Vegetables;Grapes (Conventional);5;;Preharvest;;Summer pruning (x2) - Equipment Costs;$42.69 ;;;http://publications.dyson.cornell.edu/outreach/extensionpdf/2014/Cornell-Dyson-eb1401.pdf;2374
15;Mixed Fruits & Vegetables;Grapes (Conventional);6;;Preharvest;;Summer pruning (x2) - Equipment Costs;$42.69 ;;;http://publications.dyson.cornell.edu/outreach/extensionpdf/2014/Cornell-Dyson-eb1401.pdf;2375
15;Mixed Fruits & Vegetables;Grapes (Conventional);7;;Preharvest;;Summer pruning (x2) - Equipment Costs;$42.69 ;;;http://publications.dyson.cornell.edu/outreach/extensionpdf/2014/Cornell-Dyson-eb1401.pdf;2376
15;Mixed Fruits & Vegetables;Grapes (Conventional);8;;Preharvest;;Summer pruning (x2) - Equipment Costs;$42.69 ;;;http://publications.dyson.cornell.edu/outreach/extensionpdf/2014/Cornell-Dyson-eb1401.pdf;2377
15;Mixed Fruits & Vegetables;Grapes (Conventional);9;;Preharvest;;Summer pruning (x2) - Equipment Costs;$42.69 ;;;http://publications.dyson.cornell.edu/outreach/extensionpdf/2014/Cornell-Dyson-eb1401.pdf;2378
15;Mixed Fruits & Vegetables;Grapes (Conventional);10;;Preharvest;;Summer pruning (x2) - Equipment Costs;$42.69 ;;;http://publications.dyson.cornell.edu/outreach/extensionpdf/2014/Cornell-Dyson-eb1401.pdf;2379
15;Mixed Fruits & Vegetables;Grapes (Conventional);11;;Preharvest;;Summer pruning (x2) - Equipment Costs;$42.69 ;;;http://publications.dyson.cornell.edu/outreach/extensionpdf/2014/Cornell-Dyson-eb1401.pdf;2380
15;Mixed Fruits & Vegetables;Grapes (Conventional);12;;Preharvest;;Summer pruning (x2) - Equipment Costs;$42.69 ;;;http://publications.dyson.cornell.edu/outreach/extensionpdf/2014/Cornell-Dyson-eb1401.pdf;2381
15;Mixed Fruits & Vegetables;Grapes (Conventional);13;;Preharvest;;Summer pruning (x2) - Equipment Costs;$42.69 ;;;http://publications.dyson.cornell.edu/outreach/extensionpdf/2014/Cornell-Dyson-eb1401.pdf;2382
15;Mixed Fruits & Vegetables;Grapes (Conventional);14;;Preharvest;;Summer pruning (x2) - Equipment Costs;$42.69 ;;;http://publications.dyson.cornell.edu/outreach/extensionpdf/2014/Cornell-Dyson-eb1401.pdf;2383
15;Mixed Fruits & Vegetables;Grapes (Conventional);15;;Preharvest;;Summer pruning (x2) - Equipment Costs;$42.69 ;;;http://publications.dyson.cornell.edu/outreach/extensionpdf/2014/Cornell-Dyson-eb1401.pdf;2384
15;Mixed Fruits & Vegetables;Grapes (Conventional);16;;Preharvest;;Summer pruning (x2) - Equipment Costs;$42.69 ;;;http://publications.dyson.cornell.edu/outreach/extensionpdf/2014/Cornell-Dyson-eb1401.pdf;2385
15;Mixed Fruits & Vegetables;Grapes (Conventional);17;;Preharvest;;Summer pruning (x2) - Equipment Costs;$42.69 ;;;http://publications.dyson.cornell.edu/outreach/extensionpdf/2014/Cornell-Dyson-eb1401.pdf;2386
15;Mixed Fruits & Vegetables;Grapes (Conventional);18;;Preharvest;;Summer pruning (x2) - Equipment Costs;$42.69 ;;;http://publications.dyson.cornell.edu/outreach/extensionpdf/2014/Cornell-Dyson-eb1401.pdf;2387
15;Mixed Fruits & Vegetables;Grapes (Conventional);19;;Preharvest;;Summer pruning (x2) - Equipment Costs;$42.69 ;;;http://publications.dyson.cornell.edu/outreach/extensionpdf/2014/Cornell-Dyson-eb1401.pdf;2388
15;Mixed Fruits & Vegetables;Grapes (Conventional);20;;Preharvest;;Summer pruning (x2) - Equipment Costs;$42.69 ;;;http://publications.dyson.cornell.edu/outreach/extensionpdf/2014/Cornell-Dyson-eb1401.pdf;2389
15;Mixed Fruits & Vegetables;Grapes (Conventional);21;;Preharvest;;Summer pruning (x2) - Equipment Costs;$42.69 ;;;http://publications.dyson.cornell.edu/outreach/extensionpdf/2014/Cornell-Dyson-eb1401.pdf;2390
15;Mixed Fruits & Vegetables;Grapes (Conventional);22;;Preharvest;;Summer pruning (x2) - Equipment Costs;$42.69 ;;;http://publications.dyson.cornell.edu/outreach/extensionpdf/2014/Cornell-Dyson-eb1401.pdf;2391
15;Mixed Fruits & Vegetables;Grapes (Conventional);4;;Preharvest;;Petiole sampling ($88 for every 2 years) - Skilled Labor Costs;$2.00 ;;;http://publications.dyson.cornell.edu/outreach/extensionpdf/2014/Cornell-Dyson-eb1401.pdf;2392
15;Mixed Fruits & Vegetables;Grapes (Conventional);5;;Preharvest;;Petiole sampling ($88 for every 2 years) - Skilled Labor Costs;$2.00 ;;;http://publications.dyson.cornell.edu/outreach/extensionpdf/2014/Cornell-Dyson-eb1401.pdf;2393
15;Mixed Fruits & Vegetables;Grapes (Conventional);6;;Preharvest;;Petiole sampling ($88 for every 2 years) - Skilled Labor Costs;$2.00 ;;;http://publications.dyson.cornell.edu/outreach/extensionpdf/2014/Cornell-Dyson-eb1401.pdf;2394
15;Mixed Fruits & Vegetables;Grapes (Conventional);7;;Preharvest;;Petiole sampling ($88 for every 2 years) - Skilled Labor Costs;$2.00 ;;;http://publications.dyson.cornell.edu/outreach/extensionpdf/2014/Cornell-Dyson-eb1401.pdf;2395
15;Mixed Fruits & Vegetables;Grapes (Conventional);8;;Preharvest;;Petiole sampling ($88 for every 2 years) - Skilled Labor Costs;$2.00 ;;;http://publications.dyson.cornell.edu/outreach/extensionpdf/2014/Cornell-Dyson-eb1401.pdf;2396
15;Mixed Fruits & Vegetables;Grapes (Conventional);9;;Preharvest;;Petiole sampling ($88 for every 2 years) - Skilled Labor Costs;$2.00 ;;;http://publications.dyson.cornell.edu/outreach/extensionpdf/2014/Cornell-Dyson-eb1401.pdf;2397
15;Mixed Fruits & Vegetables;Grapes (Conventional);10;;Preharvest;;Petiole sampling ($88 for every 2 years) - Skilled Labor Costs;$2.00 ;;;http://publications.dyson.cornell.edu/outreach/extensionpdf/2014/Cornell-Dyson-eb1401.pdf;2398
15;Mixed Fruits & Vegetables;Grapes (Conventional);11;;Preharvest;;Petiole sampling ($88 for every 2 years) - Skilled Labor Costs;$2.00 ;;;http://publications.dyson.cornell.edu/outreach/extensionpdf/2014/Cornell-Dyson-eb1401.pdf;2399
15;Mixed Fruits & Vegetables;Grapes (Conventional);12;;Preharvest;;Petiole sampling ($88 for every 2 years) - Skilled Labor Costs;$2.00 ;;;http://publications.dyson.cornell.edu/outreach/extensionpdf/2014/Cornell-Dyson-eb1401.pdf;2400
15;Mixed Fruits & Vegetables;Grapes (Conventional);13;;Preharvest;;Petiole sampling ($88 for every 2 years) - Skilled Labor Costs;$2.00 ;;;http://publications.dyson.cornell.edu/outreach/extensionpdf/2014/Cornell-Dyson-eb1401.pdf;2401
15;Mixed Fruits & Vegetables;Grapes (Conventional);14;;Preharvest;;Petiole sampling ($88 for every 2 years) - Skilled Labor Costs;$2.00 ;;;http://publications.dyson.cornell.edu/outreach/extensionpdf/2014/Cornell-Dyson-eb1401.pdf;2402
15;Mixed Fruits & Vegetables;Grapes (Conventional);15;;Preharvest;;Petiole sampling ($88 for every 2 years) - Skilled Labor Costs;$2.00 ;;;http://publications.dyson.cornell.edu/outreach/extensionpdf/2014/Cornell-Dyson-eb1401.pdf;2403
15;Mixed Fruits & Vegetables;Grapes (Conventional);16;;Preharvest;;Petiole sampling ($88 for every 2 years) - Skilled Labor Costs;$2.00 ;;;http://publications.dyson.cornell.edu/outreach/extensionpdf/2014/Cornell-Dyson-eb1401.pdf;2404
15;Mixed Fruits & Vegetables;Grapes (Conventional);17;;Preharvest;;Petiole sampling ($88 for every 2 years) - Skilled Labor Costs;$2.00 ;;;http://publications.dyson.cornell.edu/outreach/extensionpdf/2014/Cornell-Dyson-eb1401.pdf;2405
15;Mixed Fruits & Vegetables;Grapes (Conventional);18;;Preharvest;;Petiole sampling ($88 for every 2 years) - Skilled Labor Costs;$2.00 ;;;http://publications.dyson.cornell.edu/outreach/extensionpdf/2014/Cornell-Dyson-eb1401.pdf;2406
15;Mixed Fruits & Vegetables;Grapes (Conventional);19;;Preharvest;;Petiole sampling ($88 for every 2 years) - Skilled Labor Costs;$2.00 ;;;http://publications.dyson.cornell.edu/outreach/extensionpdf/2014/Cornell-Dyson-eb1401.pdf;2407
15;Mixed Fruits & Vegetables;Grapes (Conventional);20;;Preharvest;;Petiole sampling ($88 for every 2 years) - Skilled Labor Costs;$2.00 ;;;http://publications.dyson.cornell.edu/outreach/extensionpdf/2014/Cornell-Dyson-eb1401.pdf;2408
15;Mixed Fruits & Vegetables;Grapes (Conventional);21;;Preharvest;;Petiole sampling ($88 for every 2 years) - Skilled Labor Costs;$2.00 ;;;http://publications.dyson.cornell.edu/outreach/extensionpdf/2014/Cornell-Dyson-eb1401.pdf;2409
15;Mixed Fruits & Vegetables;Grapes (Conventional);22;;Preharvest;;Petiole sampling ($88 for every 2 years) - Skilled Labor Costs;$2.00 ;;;http://publications.dyson.cornell.edu/outreach/extensionpdf/2014/Cornell-Dyson-eb1401.pdf;2410
15;Mixed Fruits & Vegetables;Grapes (Conventional);4;;Preharvest;;Petiole sampling ($88 for every 2 years) - Material Costs;$1.00 ;;;http://publications.dyson.cornell.edu/outreach/extensionpdf/2014/Cornell-Dyson-eb1401.pdf;2411
15;Mixed Fruits & Vegetables;Grapes (Conventional);5;;Preharvest;;Petiole sampling ($88 for every 2 years) - Material Costs;$1.00 ;;;http://publications.dyson.cornell.edu/outreach/extensionpdf/2014/Cornell-Dyson-eb1401.pdf;2412
15;Mixed Fruits & Vegetables;Grapes (Conventional);6;;Preharvest;;Petiole sampling ($88 for every 2 years) - Material Costs;$1.00 ;;;http://publications.dyson.cornell.edu/outreach/extensionpdf/2014/Cornell-Dyson-eb1401.pdf;2413
15;Mixed Fruits & Vegetables;Grapes (Conventional);7;;Preharvest;;Petiole sampling ($88 for every 2 years) - Material Costs;$1.00 ;;;http://publications.dyson.cornell.edu/outreach/extensionpdf/2014/Cornell-Dyson-eb1401.pdf;2414
15;Mixed Fruits & Vegetables;Grapes (Conventional);8;;Preharvest;;Petiole sampling ($88 for every 2 years) - Material Costs;$1.00 ;;;http://publications.dyson.cornell.edu/outreach/extensionpdf/2014/Cornell-Dyson-eb1401.pdf;2415
15;Mixed Fruits & Vegetables;Grapes (Conventional);9;;Preharvest;;Petiole sampling ($88 for every 2 years) - Material Costs;$1.00 ;;;http://publications.dyson.cornell.edu/outreach/extensionpdf/2014/Cornell-Dyson-eb1401.pdf;2416
15;Mixed Fruits & Vegetables;Grapes (Conventional);10;;Preharvest;;Petiole sampling ($88 for every 2 years) - Material Costs;$1.00 ;;;http://publications.dyson.cornell.edu/outreach/extensionpdf/2014/Cornell-Dyson-eb1401.pdf;2417
15;Mixed Fruits & Vegetables;Grapes (Conventional);11;;Preharvest;;Petiole sampling ($88 for every 2 years) - Material Costs;$1.00 ;;;http://publications.dyson.cornell.edu/outreach/extensionpdf/2014/Cornell-Dyson-eb1401.pdf;2418
15;Mixed Fruits & Vegetables;Grapes (Conventional);12;;Preharvest;;Petiole sampling ($88 for every 2 years) - Material Costs;$1.00 ;;;http://publications.dyson.cornell.edu/outreach/extensionpdf/2014/Cornell-Dyson-eb1401.pdf;2419
15;Mixed Fruits & Vegetables;Grapes (Conventional);13;;Preharvest;;Petiole sampling ($88 for every 2 years) - Material Costs;$1.00 ;;;http://publications.dyson.cornell.edu/outreach/extensionpdf/2014/Cornell-Dyson-eb1401.pdf;2420
15;Mixed Fruits & Vegetables;Grapes (Conventional);14;;Preharvest;;Petiole sampling ($88 for every 2 years) - Material Costs;$1.00 ;;;http://publications.dyson.cornell.edu/outreach/extensionpdf/2014/Cornell-Dyson-eb1401.pdf;2421
15;Mixed Fruits & Vegetables;Grapes (Conventional);15;;Preharvest;;Petiole sampling ($88 for every 2 years) - Material Costs;$1.00 ;;;http://publications.dyson.cornell.edu/outreach/extensionpdf/2014/Cornell-Dyson-eb1401.pdf;2422
15;Mixed Fruits & Vegetables;Grapes (Conventional);16;;Preharvest;;Petiole sampling ($88 for every 2 years) - Material Costs;$1.00 ;;;http://publications.dyson.cornell.edu/outreach/extensionpdf/2014/Cornell-Dyson-eb1401.pdf;2423
15;Mixed Fruits & Vegetables;Grapes (Conventional);17;;Preharvest;;Petiole sampling ($88 for every 2 years) - Material Costs;$1.00 ;;;http://publications.dyson.cornell.edu/outreach/extensionpdf/2014/Cornell-Dyson-eb1401.pdf;2424
15;Mixed Fruits & Vegetables;Grapes (Conventional);18;;Preharvest;;Petiole sampling ($88 for every 2 years) - Material Costs;$1.00 ;;;http://publications.dyson.cornell.edu/outreach/extensionpdf/2014/Cornell-Dyson-eb1401.pdf;2425
15;Mixed Fruits & Vegetables;Grapes (Conventional);19;;Preharvest;;Petiole sampling ($88 for every 2 years) - Material Costs;$1.00 ;;;http://publications.dyson.cornell.edu/outreach/extensionpdf/2014/Cornell-Dyson-eb1401.pdf;2426
15;Mixed Fruits & Vegetables;Grapes (Conventional);20;;Preharvest;;Petiole sampling ($88 for every 2 years) - Material Costs;$1.00 ;;;http://publications.dyson.cornell.edu/outreach/extensionpdf/2014/Cornell-Dyson-eb1401.pdf;2427
15;Mixed Fruits & Vegetables;Grapes (Conventional);21;;Preharvest;;Petiole sampling ($88 for every 2 years) - Material Costs;$1.00 ;;;http://publications.dyson.cornell.edu/outreach/extensionpdf/2014/Cornell-Dyson-eb1401.pdf;2428
15;Mixed Fruits & Vegetables;Grapes (Conventional);22;;Preharvest;;Petiole sampling ($88 for every 2 years) - Material Costs;$1.00 ;;;http://publications.dyson.cornell.edu/outreach/extensionpdf/2014/Cornell-Dyson-eb1401.pdf;2429
15;Mixed Fruits & Vegetables;Grapes (Conventional);4;;Preharvest;;Soil sampling (every 5 years) - Skilled Labor Costs;$2.00 ;;;http://publications.dyson.cornell.edu/outreach/extensionpdf/2014/Cornell-Dyson-eb1401.pdf;2430
15;Mixed Fruits & Vegetables;Grapes (Conventional);5;;Preharvest;;Soil sampling (every 5 years) - Skilled Labor Costs;$2.00 ;;;http://publications.dyson.cornell.edu/outreach/extensionpdf/2014/Cornell-Dyson-eb1401.pdf;2431
15;Mixed Fruits & Vegetables;Grapes (Conventional);6;;Preharvest;;Soil sampling (every 5 years) - Skilled Labor Costs;$2.00 ;;;http://publications.dyson.cornell.edu/outreach/extensionpdf/2014/Cornell-Dyson-eb1401.pdf;2432
15;Mixed Fruits & Vegetables;Grapes (Conventional);7;;Preharvest;;Soil sampling (every 5 years) - Skilled Labor Costs;$2.00 ;;;http://publications.dyson.cornell.edu/outreach/extensionpdf/2014/Cornell-Dyson-eb1401.pdf;2433
15;Mixed Fruits & Vegetables;Grapes (Conventional);8;;Preharvest;;Soil sampling (every 5 years) - Skilled Labor Costs;$2.00 ;;;http://publications.dyson.cornell.edu/outreach/extensionpdf/2014/Cornell-Dyson-eb1401.pdf;2434
15;Mixed Fruits & Vegetables;Grapes (Conventional);9;;Preharvest;;Soil sampling (every 5 years) - Skilled Labor Costs;$2.00 ;;;http://publications.dyson.cornell.edu/outreach/extensionpdf/2014/Cornell-Dyson-eb1401.pdf;2435
15;Mixed Fruits & Vegetables;Grapes (Conventional);10;;Preharvest;;Soil sampling (every 5 years) - Skilled Labor Costs;$2.00 ;;;http://publications.dyson.cornell.edu/outreach/extensionpdf/2014/Cornell-Dyson-eb1401.pdf;2436
15;Mixed Fruits & Vegetables;Grapes (Conventional);11;;Preharvest;;Soil sampling (every 5 years) - Skilled Labor Costs;$2.00 ;;;http://publications.dyson.cornell.edu/outreach/extensionpdf/2014/Cornell-Dyson-eb1401.pdf;2437
15;Mixed Fruits & Vegetables;Grapes (Conventional);12;;Preharvest;;Soil sampling (every 5 years) - Skilled Labor Costs;$2.00 ;;;http://publications.dyson.cornell.edu/outreach/extensionpdf/2014/Cornell-Dyson-eb1401.pdf;2438
15;Mixed Fruits & Vegetables;Grapes (Conventional);13;;Preharvest;;Soil sampling (every 5 years) - Skilled Labor Costs;$2.00 ;;;http://publications.dyson.cornell.edu/outreach/extensionpdf/2014/Cornell-Dyson-eb1401.pdf;2439
15;Mixed Fruits & Vegetables;Grapes (Conventional);14;;Preharvest;;Soil sampling (every 5 years) - Skilled Labor Costs;$2.00 ;;;http://publications.dyson.cornell.edu/outreach/extensionpdf/2014/Cornell-Dyson-eb1401.pdf;2440
15;Mixed Fruits & Vegetables;Grapes (Conventional);15;;Preharvest;;Soil sampling (every 5 years) - Skilled Labor Costs;$2.00 ;;;http://publications.dyson.cornell.edu/outreach/extensionpdf/2014/Cornell-Dyson-eb1401.pdf;2441
15;Mixed Fruits & Vegetables;Grapes (Conventional);16;;Preharvest;;Soil sampling (every 5 years) - Skilled Labor Costs;$2.00 ;;;http://publications.dyson.cornell.edu/outreach/extensionpdf/2014/Cornell-Dyson-eb1401.pdf;2442
15;Mixed Fruits & Vegetables;Grapes (Conventional);17;;Preharvest;;Soil sampling (every 5 years) - Skilled Labor Costs;$2.00 ;;;http://publications.dyson.cornell.edu/outreach/extensionpdf/2014/Cornell-Dyson-eb1401.pdf;2443
15;Mixed Fruits & Vegetables;Grapes (Conventional);18;;Preharvest;;Soil sampling (every 5 years) - Skilled Labor Costs;$2.00 ;;;http://publications.dyson.cornell.edu/outreach/extensionpdf/2014/Cornell-Dyson-eb1401.pdf;2444
15;Mixed Fruits & Vegetables;Grapes (Conventional);19;;Preharvest;;Soil sampling (every 5 years) - Skilled Labor Costs;$2.00 ;;;http://publications.dyson.cornell.edu/outreach/extensionpdf/2014/Cornell-Dyson-eb1401.pdf;2445
15;Mixed Fruits & Vegetables;Grapes (Conventional);20;;Preharvest;;Soil sampling (every 5 years) - Skilled Labor Costs;$2.00 ;;;http://publications.dyson.cornell.edu/outreach/extensionpdf/2014/Cornell-Dyson-eb1401.pdf;2446
15;Mixed Fruits & Vegetables;Grapes (Conventional);21;;Preharvest;;Soil sampling (every 5 years) - Skilled Labor Costs;$2.00 ;;;http://publications.dyson.cornell.edu/outreach/extensionpdf/2014/Cornell-Dyson-eb1401.pdf;2447
15;Mixed Fruits & Vegetables;Grapes (Conventional);22;;Preharvest;;Soil sampling (every 5 years) - Skilled Labor Costs;$2.00 ;;;http://publications.dyson.cornell.edu/outreach/extensionpdf/2014/Cornell-Dyson-eb1401.pdf;2448
15;Mixed Fruits & Vegetables;Grapes (Conventional);4;;Preharvest;;Soil sampling (every 5 years) - Material Costs;$0.40 ;;;http://publications.dyson.cornell.edu/outreach/extensionpdf/2014/Cornell-Dyson-eb1401.pdf;2449
15;Mixed Fruits & Vegetables;Grapes (Conventional);5;;Preharvest;;Soil sampling (every 5 years) - Material Costs;$0.40 ;;;http://publications.dyson.cornell.edu/outreach/extensionpdf/2014/Cornell-Dyson-eb1401.pdf;2450
15;Mixed Fruits & Vegetables;Grapes (Conventional);6;;Preharvest;;Soil sampling (every 5 years) - Material Costs;$0.40 ;;;http://publications.dyson.cornell.edu/outreach/extensionpdf/2014/Cornell-Dyson-eb1401.pdf;2451
15;Mixed Fruits & Vegetables;Grapes (Conventional);7;;Preharvest;;Soil sampling (every 5 years) - Material Costs;$0.40 ;;;http://publications.dyson.cornell.edu/outreach/extensionpdf/2014/Cornell-Dyson-eb1401.pdf;2452
15;Mixed Fruits & Vegetables;Grapes (Conventional);8;;Preharvest;;Soil sampling (every 5 years) - Material Costs;$0.40 ;;;http://publications.dyson.cornell.edu/outreach/extensionpdf/2014/Cornell-Dyson-eb1401.pdf;2453
15;Mixed Fruits & Vegetables;Grapes (Conventional);9;;Preharvest;;Soil sampling (every 5 years) - Material Costs;$0.40 ;;;http://publications.dyson.cornell.edu/outreach/extensionpdf/2014/Cornell-Dyson-eb1401.pdf;2454
15;Mixed Fruits & Vegetables;Grapes (Conventional);10;;Preharvest;;Soil sampling (every 5 years) - Material Costs;$0.40 ;;;http://publications.dyson.cornell.edu/outreach/extensionpdf/2014/Cornell-Dyson-eb1401.pdf;2455
15;Mixed Fruits & Vegetables;Grapes (Conventional);11;;Preharvest;;Soil sampling (every 5 years) - Material Costs;$0.40 ;;;http://publications.dyson.cornell.edu/outreach/extensionpdf/2014/Cornell-Dyson-eb1401.pdf;2456
15;Mixed Fruits & Vegetables;Grapes (Conventional);12;;Preharvest;;Soil sampling (every 5 years) - Material Costs;$0.40 ;;;http://publications.dyson.cornell.edu/outreach/extensionpdf/2014/Cornell-Dyson-eb1401.pdf;2457
15;Mixed Fruits & Vegetables;Grapes (Conventional);13;;Preharvest;;Soil sampling (every 5 years) - Material Costs;$0.40 ;;;http://publications.dyson.cornell.edu/outreach/extensionpdf/2014/Cornell-Dyson-eb1401.pdf;2458
15;Mixed Fruits & Vegetables;Grapes (Conventional);14;;Preharvest;;Soil sampling (every 5 years) - Material Costs;$0.40 ;;;http://publications.dyson.cornell.edu/outreach/extensionpdf/2014/Cornell-Dyson-eb1401.pdf;2459
15;Mixed Fruits & Vegetables;Grapes (Conventional);15;;Preharvest;;Soil sampling (every 5 years) - Material Costs;$0.40 ;;;http://publications.dyson.cornell.edu/outreach/extensionpdf/2014/Cornell-Dyson-eb1401.pdf;2460
15;Mixed Fruits & Vegetables;Grapes (Conventional);16;;Preharvest;;Soil sampling (every 5 years) - Material Costs;$0.40 ;;;http://publications.dyson.cornell.edu/outreach/extensionpdf/2014/Cornell-Dyson-eb1401.pdf;2461
15;Mixed Fruits & Vegetables;Grapes (Conventional);17;;Preharvest;;Soil sampling (every 5 years) - Material Costs;$0.40 ;;;http://publications.dyson.cornell.edu/outreach/extensionpdf/2014/Cornell-Dyson-eb1401.pdf;2462
15;Mixed Fruits & Vegetables;Grapes (Conventional);18;;Preharvest;;Soil sampling (every 5 years) - Material Costs;$0.40 ;;;http://publications.dyson.cornell.edu/outreach/extensionpdf/2014/Cornell-Dyson-eb1401.pdf;2463
15;Mixed Fruits & Vegetables;Grapes (Conventional);19;;Preharvest;;Soil sampling (every 5 years) - Material Costs;$0.40 ;;;http://publications.dyson.cornell.edu/outreach/extensionpdf/2014/Cornell-Dyson-eb1401.pdf;2464
15;Mixed Fruits & Vegetables;Grapes (Conventional);20;;Preharvest;;Soil sampling (every 5 years) - Material Costs;$0.40 ;;;http://publications.dyson.cornell.edu/outreach/extensionpdf/2014/Cornell-Dyson-eb1401.pdf;2465
15;Mixed Fruits & Vegetables;Grapes (Conventional);21;;Preharvest;;Soil sampling (every 5 years) - Material Costs;$0.40 ;;;http://publications.dyson.cornell.edu/outreach/extensionpdf/2014/Cornell-Dyson-eb1401.pdf;2466
15;Mixed Fruits & Vegetables;Grapes (Conventional);22;;Preharvest;;Soil sampling (every 5 years) - Material Costs;$0.40 ;;;http://publications.dyson.cornell.edu/outreach/extensionpdf/2014/Cornell-Dyson-eb1401.pdf;2467
15;Mixed Fruits & Vegetables;Grapes (Conventional);4;;Preharvest;;Hilling-up - Skilled Labor Costs;$34.00 ;;;http://publications.dyson.cornell.edu/outreach/extensionpdf/2014/Cornell-Dyson-eb1401.pdf;2468
15;Mixed Fruits & Vegetables;Grapes (Conventional);5;;Preharvest;;Hilling-up - Skilled Labor Costs;$34.00 ;;;http://publications.dyson.cornell.edu/outreach/extensionpdf/2014/Cornell-Dyson-eb1401.pdf;2469
15;Mixed Fruits & Vegetables;Grapes (Conventional);6;;Preharvest;;Hilling-up - Skilled Labor Costs;$34.00 ;;;http://publications.dyson.cornell.edu/outreach/extensionpdf/2014/Cornell-Dyson-eb1401.pdf;2470
15;Mixed Fruits & Vegetables;Grapes (Conventional);7;;Preharvest;;Hilling-up - Skilled Labor Costs;$34.00 ;;;http://publications.dyson.cornell.edu/outreach/extensionpdf/2014/Cornell-Dyson-eb1401.pdf;2471
15;Mixed Fruits & Vegetables;Grapes (Conventional);8;;Preharvest;;Hilling-up - Skilled Labor Costs;$34.00 ;;;http://publications.dyson.cornell.edu/outreach/extensionpdf/2014/Cornell-Dyson-eb1401.pdf;2472
15;Mixed Fruits & Vegetables;Grapes (Conventional);9;;Preharvest;;Hilling-up - Skilled Labor Costs;$34.00 ;;;http://publications.dyson.cornell.edu/outreach/extensionpdf/2014/Cornell-Dyson-eb1401.pdf;2473
15;Mixed Fruits & Vegetables;Grapes (Conventional);10;;Preharvest;;Hilling-up - Skilled Labor Costs;$34.00 ;;;http://publications.dyson.cornell.edu/outreach/extensionpdf/2014/Cornell-Dyson-eb1401.pdf;2474
15;Mixed Fruits & Vegetables;Grapes (Conventional);11;;Preharvest;;Hilling-up - Skilled Labor Costs;$34.00 ;;;http://publications.dyson.cornell.edu/outreach/extensionpdf/2014/Cornell-Dyson-eb1401.pdf;2475
15;Mixed Fruits & Vegetables;Grapes (Conventional);12;;Preharvest;;Hilling-up - Skilled Labor Costs;$34.00 ;;;http://publications.dyson.cornell.edu/outreach/extensionpdf/2014/Cornell-Dyson-eb1401.pdf;2476
15;Mixed Fruits & Vegetables;Grapes (Conventional);13;;Preharvest;;Hilling-up - Skilled Labor Costs;$34.00 ;;;http://publications.dyson.cornell.edu/outreach/extensionpdf/2014/Cornell-Dyson-eb1401.pdf;2477
15;Mixed Fruits & Vegetables;Grapes (Conventional);14;;Preharvest;;Hilling-up - Skilled Labor Costs;$34.00 ;;;http://publications.dyson.cornell.edu/outreach/extensionpdf/2014/Cornell-Dyson-eb1401.pdf;2478
15;Mixed Fruits & Vegetables;Grapes (Conventional);15;;Preharvest;;Hilling-up - Skilled Labor Costs;$34.00 ;;;http://publications.dyson.cornell.edu/outreach/extensionpdf/2014/Cornell-Dyson-eb1401.pdf;2479
15;Mixed Fruits & Vegetables;Grapes (Conventional);16;;Preharvest;;Hilling-up - Skilled Labor Costs;$34.00 ;;;http://publications.dyson.cornell.edu/outreach/extensionpdf/2014/Cornell-Dyson-eb1401.pdf;2480
15;Mixed Fruits & Vegetables;Grapes (Conventional);17;;Preharvest;;Hilling-up - Skilled Labor Costs;$34.00 ;;;http://publications.dyson.cornell.edu/outreach/extensionpdf/2014/Cornell-Dyson-eb1401.pdf;2481
15;Mixed Fruits & Vegetables;Grapes (Conventional);18;;Preharvest;;Hilling-up - Skilled Labor Costs;$34.00 ;;;http://publications.dyson.cornell.edu/outreach/extensionpdf/2014/Cornell-Dyson-eb1401.pdf;2482
15;Mixed Fruits & Vegetables;Grapes (Conventional);19;;Preharvest;;Hilling-up - Skilled Labor Costs;$34.00 ;;;http://publications.dyson.cornell.edu/outreach/extensionpdf/2014/Cornell-Dyson-eb1401.pdf;2483
15;Mixed Fruits & Vegetables;Grapes (Conventional);20;;Preharvest;;Hilling-up - Skilled Labor Costs;$34.00 ;;;http://publications.dyson.cornell.edu/outreach/extensionpdf/2014/Cornell-Dyson-eb1401.pdf;2484
15;Mixed Fruits & Vegetables;Grapes (Conventional);21;;Preharvest;;Hilling-up - Skilled Labor Costs;$34.00 ;;;http://publications.dyson.cornell.edu/outreach/extensionpdf/2014/Cornell-Dyson-eb1401.pdf;2485
15;Mixed Fruits & Vegetables;Grapes (Conventional);22;;Preharvest;;Hilling-up - Skilled Labor Costs;$34.00 ;;;http://publications.dyson.cornell.edu/outreach/extensionpdf/2014/Cornell-Dyson-eb1401.pdf;2486
15;Mixed Fruits & Vegetables;Grapes (Conventional);4;;Preharvest;;Hilling-up - Equipment Costs;$27.05 ;;;http://publications.dyson.cornell.edu/outreach/extensionpdf/2014/Cornell-Dyson-eb1401.pdf;2487
15;Mixed Fruits & Vegetables;Grapes (Conventional);5;;Preharvest;;Hilling-up - Equipment Costs;$27.05 ;;;http://publications.dyson.cornell.edu/outreach/extensionpdf/2014/Cornell-Dyson-eb1401.pdf;2488
15;Mixed Fruits & Vegetables;Grapes (Conventional);6;;Preharvest;;Hilling-up - Equipment Costs;$27.05 ;;;http://publications.dyson.cornell.edu/outreach/extensionpdf/2014/Cornell-Dyson-eb1401.pdf;2489
15;Mixed Fruits & Vegetables;Grapes (Conventional);7;;Preharvest;;Hilling-up - Equipment Costs;$27.05 ;;;http://publications.dyson.cornell.edu/outreach/extensionpdf/2014/Cornell-Dyson-eb1401.pdf;2490
15;Mixed Fruits & Vegetables;Grapes (Conventional);8;;Preharvest;;Hilling-up - Equipment Costs;$27.05 ;;;http://publications.dyson.cornell.edu/outreach/extensionpdf/2014/Cornell-Dyson-eb1401.pdf;2491
15;Mixed Fruits & Vegetables;Grapes (Conventional);9;;Preharvest;;Hilling-up - Equipment Costs;$27.05 ;;;http://publications.dyson.cornell.edu/outreach/extensionpdf/2014/Cornell-Dyson-eb1401.pdf;2492
15;Mixed Fruits & Vegetables;Grapes (Conventional);10;;Preharvest;;Hilling-up - Equipment Costs;$27.05 ;;;http://publications.dyson.cornell.edu/outreach/extensionpdf/2014/Cornell-Dyson-eb1401.pdf;2493
15;Mixed Fruits & Vegetables;Grapes (Conventional);11;;Preharvest;;Hilling-up - Equipment Costs;$27.05 ;;;http://publications.dyson.cornell.edu/outreach/extensionpdf/2014/Cornell-Dyson-eb1401.pdf;2494
15;Mixed Fruits & Vegetables;Grapes (Conventional);12;;Preharvest;;Hilling-up - Equipment Costs;$27.05 ;;;http://publications.dyson.cornell.edu/outreach/extensionpdf/2014/Cornell-Dyson-eb1401.pdf;2495
15;Mixed Fruits & Vegetables;Grapes (Conventional);13;;Preharvest;;Hilling-up - Equipment Costs;$27.05 ;;;http://publications.dyson.cornell.edu/outreach/extensionpdf/2014/Cornell-Dyson-eb1401.pdf;2496
15;Mixed Fruits & Vegetables;Grapes (Conventional);14;;Preharvest;;Hilling-up - Equipment Costs;$27.05 ;;;http://publications.dyson.cornell.edu/outreach/extensionpdf/2014/Cornell-Dyson-eb1401.pdf;2497
15;Mixed Fruits & Vegetables;Grapes (Conventional);15;;Preharvest;;Hilling-up - Equipment Costs;$27.05 ;;;http://publications.dyson.cornell.edu/outreach/extensionpdf/2014/Cornell-Dyson-eb1401.pdf;2498
15;Mixed Fruits & Vegetables;Grapes (Conventional);16;;Preharvest;;Hilling-up - Equipment Costs;$27.05 ;;;http://publications.dyson.cornell.edu/outreach/extensionpdf/2014/Cornell-Dyson-eb1401.pdf;2499
15;Mixed Fruits & Vegetables;Grapes (Conventional);17;;Preharvest;;Hilling-up - Equipment Costs;$27.05 ;;;http://publications.dyson.cornell.edu/outreach/extensionpdf/2014/Cornell-Dyson-eb1401.pdf;2500
15;Mixed Fruits & Vegetables;Grapes (Conventional);18;;Preharvest;;Hilling-up - Equipment Costs;$27.05 ;;;http://publications.dyson.cornell.edu/outreach/extensionpdf/2014/Cornell-Dyson-eb1401.pdf;2501
15;Mixed Fruits & Vegetables;Grapes (Conventional);19;;Preharvest;;Hilling-up - Equipment Costs;$27.05 ;;;http://publications.dyson.cornell.edu/outreach/extensionpdf/2014/Cornell-Dyson-eb1401.pdf;2502
15;Mixed Fruits & Vegetables;Grapes (Conventional);20;;Preharvest;;Hilling-up - Equipment Costs;$27.05 ;;;http://publications.dyson.cornell.edu/outreach/extensionpdf/2014/Cornell-Dyson-eb1401.pdf;2503
15;Mixed Fruits & Vegetables;Grapes (Conventional);21;;Preharvest;;Hilling-up - Equipment Costs;$27.05 ;;;http://publications.dyson.cornell.edu/outreach/extensionpdf/2014/Cornell-Dyson-eb1401.pdf;2504
15;Mixed Fruits & Vegetables;Grapes (Conventional);22;;Preharvest;;Hilling-up - Equipment Costs;$27.05 ;;;http://publications.dyson.cornell.edu/outreach/extensionpdf/2014/Cornell-Dyson-eb1401.pdf;2505
15;Mixed Fruits & Vegetables;Grapes (Conventional);4;;Preharvest;;Fall fertilization - Skilled Labor Costs;$6.00 ;;;http://publications.dyson.cornell.edu/outreach/extensionpdf/2014/Cornell-Dyson-eb1401.pdf;2506
15;Mixed Fruits & Vegetables;Grapes (Conventional);5;;Preharvest;;Fall fertilization - Skilled Labor Costs;$6.00 ;;;http://publications.dyson.cornell.edu/outreach/extensionpdf/2014/Cornell-Dyson-eb1401.pdf;2507
15;Mixed Fruits & Vegetables;Grapes (Conventional);6;;Preharvest;;Fall fertilization - Skilled Labor Costs;$6.00 ;;;http://publications.dyson.cornell.edu/outreach/extensionpdf/2014/Cornell-Dyson-eb1401.pdf;2508
15;Mixed Fruits & Vegetables;Grapes (Conventional);7;;Preharvest;;Fall fertilization - Skilled Labor Costs;$6.00 ;;;http://publications.dyson.cornell.edu/outreach/extensionpdf/2014/Cornell-Dyson-eb1401.pdf;2509
15;Mixed Fruits & Vegetables;Grapes (Conventional);8;;Preharvest;;Fall fertilization - Skilled Labor Costs;$6.00 ;;;http://publications.dyson.cornell.edu/outreach/extensionpdf/2014/Cornell-Dyson-eb1401.pdf;2510
15;Mixed Fruits & Vegetables;Grapes (Conventional);9;;Preharvest;;Fall fertilization - Skilled Labor Costs;$6.00 ;;;http://publications.dyson.cornell.edu/outreach/extensionpdf/2014/Cornell-Dyson-eb1401.pdf;2511
15;Mixed Fruits & Vegetables;Grapes (Conventional);10;;Preharvest;;Fall fertilization - Skilled Labor Costs;$6.00 ;;;http://publications.dyson.cornell.edu/outreach/extensionpdf/2014/Cornell-Dyson-eb1401.pdf;2512
15;Mixed Fruits & Vegetables;Grapes (Conventional);11;;Preharvest;;Fall fertilization - Skilled Labor Costs;$6.00 ;;;http://publications.dyson.cornell.edu/outreach/extensionpdf/2014/Cornell-Dyson-eb1401.pdf;2513
15;Mixed Fruits & Vegetables;Grapes (Conventional);12;;Preharvest;;Fall fertilization - Skilled Labor Costs;$6.00 ;;;http://publications.dyson.cornell.edu/outreach/extensionpdf/2014/Cornell-Dyson-eb1401.pdf;2514
15;Mixed Fruits & Vegetables;Grapes (Conventional);13;;Preharvest;;Fall fertilization - Skilled Labor Costs;$6.00 ;;;http://publications.dyson.cornell.edu/outreach/extensionpdf/2014/Cornell-Dyson-eb1401.pdf;2515
15;Mixed Fruits & Vegetables;Grapes (Conventional);14;;Preharvest;;Fall fertilization - Skilled Labor Costs;$6.00 ;;;http://publications.dyson.cornell.edu/outreach/extensionpdf/2014/Cornell-Dyson-eb1401.pdf;2516
15;Mixed Fruits & Vegetables;Grapes (Conventional);15;;Preharvest;;Fall fertilization - Skilled Labor Costs;$6.00 ;;;http://publications.dyson.cornell.edu/outreach/extensionpdf/2014/Cornell-Dyson-eb1401.pdf;2517
15;Mixed Fruits & Vegetables;Grapes (Conventional);16;;Preharvest;;Fall fertilization - Skilled Labor Costs;$6.00 ;;;http://publications.dyson.cornell.edu/outreach/extensionpdf/2014/Cornell-Dyson-eb1401.pdf;2518
15;Mixed Fruits & Vegetables;Grapes (Conventional);17;;Preharvest;;Fall fertilization - Skilled Labor Costs;$6.00 ;;;http://publications.dyson.cornell.edu/outreach/extensionpdf/2014/Cornell-Dyson-eb1401.pdf;2519
15;Mixed Fruits & Vegetables;Grapes (Conventional);18;;Preharvest;;Fall fertilization - Skilled Labor Costs;$6.00 ;;;http://publications.dyson.cornell.edu/outreach/extensionpdf/2014/Cornell-Dyson-eb1401.pdf;2520
15;Mixed Fruits & Vegetables;Grapes (Conventional);19;;Preharvest;;Fall fertilization - Skilled Labor Costs;$6.00 ;;;http://publications.dyson.cornell.edu/outreach/extensionpdf/2014/Cornell-Dyson-eb1401.pdf;2521
15;Mixed Fruits & Vegetables;Grapes (Conventional);20;;Preharvest;;Fall fertilization - Skilled Labor Costs;$6.00 ;;;http://publications.dyson.cornell.edu/outreach/extensionpdf/2014/Cornell-Dyson-eb1401.pdf;2522
15;Mixed Fruits & Vegetables;Grapes (Conventional);21;;Preharvest;;Fall fertilization - Skilled Labor Costs;$6.00 ;;;http://publications.dyson.cornell.edu/outreach/extensionpdf/2014/Cornell-Dyson-eb1401.pdf;2523
15;Mixed Fruits & Vegetables;Grapes (Conventional);22;;Preharvest;;Fall fertilization - Skilled Labor Costs;$6.00 ;;;http://publications.dyson.cornell.edu/outreach/extensionpdf/2014/Cornell-Dyson-eb1401.pdf;2524
15;Mixed Fruits & Vegetables;Grapes (Conventional);4;;Preharvest;;Fall fertilization - Equipment Costs;$5.14 ;;;http://publications.dyson.cornell.edu/outreach/extensionpdf/2014/Cornell-Dyson-eb1401.pdf;2525
15;Mixed Fruits & Vegetables;Grapes (Conventional);5;;Preharvest;;Fall fertilization - Equipment Costs;$5.14 ;;;http://publications.dyson.cornell.edu/outreach/extensionpdf/2014/Cornell-Dyson-eb1401.pdf;2526
15;Mixed Fruits & Vegetables;Grapes (Conventional);6;;Preharvest;;Fall fertilization - Equipment Costs;$5.14 ;;;http://publications.dyson.cornell.edu/outreach/extensionpdf/2014/Cornell-Dyson-eb1401.pdf;2527
15;Mixed Fruits & Vegetables;Grapes (Conventional);7;;Preharvest;;Fall fertilization - Equipment Costs;$5.14 ;;;http://publications.dyson.cornell.edu/outreach/extensionpdf/2014/Cornell-Dyson-eb1401.pdf;2528
15;Mixed Fruits & Vegetables;Grapes (Conventional);8;;Preharvest;;Fall fertilization - Equipment Costs;$5.14 ;;;http://publications.dyson.cornell.edu/outreach/extensionpdf/2014/Cornell-Dyson-eb1401.pdf;2529
15;Mixed Fruits & Vegetables;Grapes (Conventional);9;;Preharvest;;Fall fertilization - Equipment Costs;$5.14 ;;;http://publications.dyson.cornell.edu/outreach/extensionpdf/2014/Cornell-Dyson-eb1401.pdf;2530
15;Mixed Fruits & Vegetables;Grapes (Conventional);10;;Preharvest;;Fall fertilization - Equipment Costs;$5.14 ;;;http://publications.dyson.cornell.edu/outreach/extensionpdf/2014/Cornell-Dyson-eb1401.pdf;2531
15;Mixed Fruits & Vegetables;Grapes (Conventional);11;;Preharvest;;Fall fertilization - Equipment Costs;$5.14 ;;;http://publications.dyson.cornell.edu/outreach/extensionpdf/2014/Cornell-Dyson-eb1401.pdf;2532
15;Mixed Fruits & Vegetables;Grapes (Conventional);12;;Preharvest;;Fall fertilization - Equipment Costs;$5.14 ;;;http://publications.dyson.cornell.edu/outreach/extensionpdf/2014/Cornell-Dyson-eb1401.pdf;2533
15;Mixed Fruits & Vegetables;Grapes (Conventional);13;;Preharvest;;Fall fertilization - Equipment Costs;$5.14 ;;;http://publications.dyson.cornell.edu/outreach/extensionpdf/2014/Cornell-Dyson-eb1401.pdf;2534
15;Mixed Fruits & Vegetables;Grapes (Conventional);14;;Preharvest;;Fall fertilization - Equipment Costs;$5.14 ;;;http://publications.dyson.cornell.edu/outreach/extensionpdf/2014/Cornell-Dyson-eb1401.pdf;2535
15;Mixed Fruits & Vegetables;Grapes (Conventional);15;;Preharvest;;Fall fertilization - Equipment Costs;$5.14 ;;;http://publications.dyson.cornell.edu/outreach/extensionpdf/2014/Cornell-Dyson-eb1401.pdf;2536
15;Mixed Fruits & Vegetables;Grapes (Conventional);16;;Preharvest;;Fall fertilization - Equipment Costs;$5.14 ;;;http://publications.dyson.cornell.edu/outreach/extensionpdf/2014/Cornell-Dyson-eb1401.pdf;2537
15;Mixed Fruits & Vegetables;Grapes (Conventional);17;;Preharvest;;Fall fertilization - Equipment Costs;$5.14 ;;;http://publications.dyson.cornell.edu/outreach/extensionpdf/2014/Cornell-Dyson-eb1401.pdf;2538
15;Mixed Fruits & Vegetables;Grapes (Conventional);18;;Preharvest;;Fall fertilization - Equipment Costs;$5.14 ;;;http://publications.dyson.cornell.edu/outreach/extensionpdf/2014/Cornell-Dyson-eb1401.pdf;2539
15;Mixed Fruits & Vegetables;Grapes (Conventional);19;;Preharvest;;Fall fertilization - Equipment Costs;$5.14 ;;;http://publications.dyson.cornell.edu/outreach/extensionpdf/2014/Cornell-Dyson-eb1401.pdf;2540
15;Mixed Fruits & Vegetables;Grapes (Conventional);20;;Preharvest;;Fall fertilization - Equipment Costs;$5.14 ;;;http://publications.dyson.cornell.edu/outreach/extensionpdf/2014/Cornell-Dyson-eb1401.pdf;2541
15;Mixed Fruits & Vegetables;Grapes (Conventional);21;;Preharvest;;Fall fertilization - Equipment Costs;$5.14 ;;;http://publications.dyson.cornell.edu/outreach/extensionpdf/2014/Cornell-Dyson-eb1401.pdf;2542
15;Mixed Fruits & Vegetables;Grapes (Conventional);22;;Preharvest;;Fall fertilization - Equipment Costs;$5.14 ;;;http://publications.dyson.cornell.edu/outreach/extensionpdf/2014/Cornell-Dyson-eb1401.pdf;2543
15;Mixed Fruits & Vegetables;Grapes (Conventional);4;;Preharvest;;Fall fertilization - Material Costs;$25.00 ;;;http://publications.dyson.cornell.edu/outreach/extensionpdf/2014/Cornell-Dyson-eb1401.pdf;2544
15;Mixed Fruits & Vegetables;Grapes (Conventional);5;;Preharvest;;Fall fertilization - Material Costs;$25.00 ;;;http://publications.dyson.cornell.edu/outreach/extensionpdf/2014/Cornell-Dyson-eb1401.pdf;2545
15;Mixed Fruits & Vegetables;Grapes (Conventional);6;;Preharvest;;Fall fertilization - Material Costs;$25.00 ;;;http://publications.dyson.cornell.edu/outreach/extensionpdf/2014/Cornell-Dyson-eb1401.pdf;2546
15;Mixed Fruits & Vegetables;Grapes (Conventional);7;;Preharvest;;Fall fertilization - Material Costs;$25.00 ;;;http://publications.dyson.cornell.edu/outreach/extensionpdf/2014/Cornell-Dyson-eb1401.pdf;2547
15;Mixed Fruits & Vegetables;Grapes (Conventional);8;;Preharvest;;Fall fertilization - Material Costs;$25.00 ;;;http://publications.dyson.cornell.edu/outreach/extensionpdf/2014/Cornell-Dyson-eb1401.pdf;2548
15;Mixed Fruits & Vegetables;Grapes (Conventional);9;;Preharvest;;Fall fertilization - Material Costs;$25.00 ;;;http://publications.dyson.cornell.edu/outreach/extensionpdf/2014/Cornell-Dyson-eb1401.pdf;2549
15;Mixed Fruits & Vegetables;Grapes (Conventional);10;;Preharvest;;Fall fertilization - Material Costs;$25.00 ;;;http://publications.dyson.cornell.edu/outreach/extensionpdf/2014/Cornell-Dyson-eb1401.pdf;2550
15;Mixed Fruits & Vegetables;Grapes (Conventional);11;;Preharvest;;Fall fertilization - Material Costs;$25.00 ;;;http://publications.dyson.cornell.edu/outreach/extensionpdf/2014/Cornell-Dyson-eb1401.pdf;2551
15;Mixed Fruits & Vegetables;Grapes (Conventional);12;;Preharvest;;Fall fertilization - Material Costs;$25.00 ;;;http://publications.dyson.cornell.edu/outreach/extensionpdf/2014/Cornell-Dyson-eb1401.pdf;2552
15;Mixed Fruits & Vegetables;Grapes (Conventional);13;;Preharvest;;Fall fertilization - Material Costs;$25.00 ;;;http://publications.dyson.cornell.edu/outreach/extensionpdf/2014/Cornell-Dyson-eb1401.pdf;2553
15;Mixed Fruits & Vegetables;Grapes (Conventional);14;;Preharvest;;Fall fertilization - Material Costs;$25.00 ;;;http://publications.dyson.cornell.edu/outreach/extensionpdf/2014/Cornell-Dyson-eb1401.pdf;2554
15;Mixed Fruits & Vegetables;Grapes (Conventional);15;;Preharvest;;Fall fertilization - Material Costs;$25.00 ;;;http://publications.dyson.cornell.edu/outreach/extensionpdf/2014/Cornell-Dyson-eb1401.pdf;2555
15;Mixed Fruits & Vegetables;Grapes (Conventional);16;;Preharvest;;Fall fertilization - Material Costs;$25.00 ;;;http://publications.dyson.cornell.edu/outreach/extensionpdf/2014/Cornell-Dyson-eb1401.pdf;2556
15;Mixed Fruits & Vegetables;Grapes (Conventional);17;;Preharvest;;Fall fertilization - Material Costs;$25.00 ;;;http://publications.dyson.cornell.edu/outreach/extensionpdf/2014/Cornell-Dyson-eb1401.pdf;2557
15;Mixed Fruits & Vegetables;Grapes (Conventional);18;;Preharvest;;Fall fertilization - Material Costs;$25.00 ;;;http://publications.dyson.cornell.edu/outreach/extensionpdf/2014/Cornell-Dyson-eb1401.pdf;2558
15;Mixed Fruits & Vegetables;Grapes (Conventional);19;;Preharvest;;Fall fertilization - Material Costs;$25.00 ;;;http://publications.dyson.cornell.edu/outreach/extensionpdf/2014/Cornell-Dyson-eb1401.pdf;2559
15;Mixed Fruits & Vegetables;Grapes (Conventional);20;;Preharvest;;Fall fertilization - Material Costs;$25.00 ;;;http://publications.dyson.cornell.edu/outreach/extensionpdf/2014/Cornell-Dyson-eb1401.pdf;2560
15;Mixed Fruits & Vegetables;Grapes (Conventional);21;;Preharvest;;Fall fertilization - Material Costs;$25.00 ;;;http://publications.dyson.cornell.edu/outreach/extensionpdf/2014/Cornell-Dyson-eb1401.pdf;2561
15;Mixed Fruits & Vegetables;Grapes (Conventional);22;;Preharvest;;Fall fertilization - Material Costs;$25.00 ;;;http://publications.dyson.cornell.edu/outreach/extensionpdf/2014/Cornell-Dyson-eb1401.pdf;2562
15;Mixed Fruits & Vegetables;Grapes (Conventional);4;;Preharvest;;Crop insurance - Other;$109.00 ;;;http://publications.dyson.cornell.edu/outreach/extensionpdf/2014/Cornell-Dyson-eb1401.pdf;2563
15;Mixed Fruits & Vegetables;Grapes (Conventional);5;;Preharvest;;Crop insurance - Other;$109.00 ;;;http://publications.dyson.cornell.edu/outreach/extensionpdf/2014/Cornell-Dyson-eb1401.pdf;2564
15;Mixed Fruits & Vegetables;Grapes (Conventional);6;;Preharvest;;Crop insurance - Other;$109.00 ;;;http://publications.dyson.cornell.edu/outreach/extensionpdf/2014/Cornell-Dyson-eb1401.pdf;2565
15;Mixed Fruits & Vegetables;Grapes (Conventional);7;;Preharvest;;Crop insurance - Other;$109.00 ;;;http://publications.dyson.cornell.edu/outreach/extensionpdf/2014/Cornell-Dyson-eb1401.pdf;2566
15;Mixed Fruits & Vegetables;Grapes (Conventional);8;;Preharvest;;Crop insurance - Other;$109.00 ;;;http://publications.dyson.cornell.edu/outreach/extensionpdf/2014/Cornell-Dyson-eb1401.pdf;2567
15;Mixed Fruits & Vegetables;Grapes (Conventional);9;;Preharvest;;Crop insurance - Other;$109.00 ;;;http://publications.dyson.cornell.edu/outreach/extensionpdf/2014/Cornell-Dyson-eb1401.pdf;2568
15;Mixed Fruits & Vegetables;Grapes (Conventional);10;;Preharvest;;Crop insurance - Other;$109.00 ;;;http://publications.dyson.cornell.edu/outreach/extensionpdf/2014/Cornell-Dyson-eb1401.pdf;2569
15;Mixed Fruits & Vegetables;Grapes (Conventional);11;;Preharvest;;Crop insurance - Other;$109.00 ;;;http://publications.dyson.cornell.edu/outreach/extensionpdf/2014/Cornell-Dyson-eb1401.pdf;2570
15;Mixed Fruits & Vegetables;Grapes (Conventional);12;;Preharvest;;Crop insurance - Other;$109.00 ;;;http://publications.dyson.cornell.edu/outreach/extensionpdf/2014/Cornell-Dyson-eb1401.pdf;2571
15;Mixed Fruits & Vegetables;Grapes (Conventional);13;;Preharvest;;Crop insurance - Other;$109.00 ;;;http://publications.dyson.cornell.edu/outreach/extensionpdf/2014/Cornell-Dyson-eb1401.pdf;2572
15;Mixed Fruits & Vegetables;Grapes (Conventional);14;;Preharvest;;Crop insurance - Other;$109.00 ;;;http://publications.dyson.cornell.edu/outreach/extensionpdf/2014/Cornell-Dyson-eb1401.pdf;2573
15;Mixed Fruits & Vegetables;Grapes (Conventional);15;;Preharvest;;Crop insurance - Other;$109.00 ;;;http://publications.dyson.cornell.edu/outreach/extensionpdf/2014/Cornell-Dyson-eb1401.pdf;2574
15;Mixed Fruits & Vegetables;Grapes (Conventional);16;;Preharvest;;Crop insurance - Other;$109.00 ;;;http://publications.dyson.cornell.edu/outreach/extensionpdf/2014/Cornell-Dyson-eb1401.pdf;2575
15;Mixed Fruits & Vegetables;Grapes (Conventional);17;;Preharvest;;Crop insurance - Other;$109.00 ;;;http://publications.dyson.cornell.edu/outreach/extensionpdf/2014/Cornell-Dyson-eb1401.pdf;2576
15;Mixed Fruits & Vegetables;Grapes (Conventional);18;;Preharvest;;Crop insurance - Other;$109.00 ;;;http://publications.dyson.cornell.edu/outreach/extensionpdf/2014/Cornell-Dyson-eb1401.pdf;2577
15;Mixed Fruits & Vegetables;Grapes (Conventional);19;;Preharvest;;Crop insurance - Other;$109.00 ;;;http://publications.dyson.cornell.edu/outreach/extensionpdf/2014/Cornell-Dyson-eb1401.pdf;2578
15;Mixed Fruits & Vegetables;Grapes (Conventional);20;;Preharvest;;Crop insurance - Other;$109.00 ;;;http://publications.dyson.cornell.edu/outreach/extensionpdf/2014/Cornell-Dyson-eb1401.pdf;2579
15;Mixed Fruits & Vegetables;Grapes (Conventional);21;;Preharvest;;Crop insurance - Other;$109.00 ;;;http://publications.dyson.cornell.edu/outreach/extensionpdf/2014/Cornell-Dyson-eb1401.pdf;2580
15;Mixed Fruits & Vegetables;Grapes (Conventional);22;;Preharvest;;Crop insurance - Other;$109.00 ;;;http://publications.dyson.cornell.edu/outreach/extensionpdf/2014/Cornell-Dyson-eb1401.pdf;2581
